<?xml version="1.0" encoding="UTF-8"?>
<!DOCTYPE html PUBLIC "-//W3C//DTD XHTML 1.0 Transitional//EN"
    "http://www.w3.org/TR/xhtml1/DTD/xhtml1-transitional.dtd">
<html xmlns="http://www.w3.org/1999/xhtml" xml:lang="en" lang="en">
 <head>
  <title>
</title>
<meta http-equiv="Content-Type" content="text/html;charset=utf-8" />
  <meta name='ocr-system' content='tesseract 3.04.00' />
  <meta name='ocr-capabilities' content='ocr_page ocr_carea ocr_par ocr_line ocrx_word'/>
</head>
<body>
  <div class='ocr_page' id='page_1' title='image "./quibusfontibusp01buchgoog_0082.png"; bbox 0 0 3417 5567; ppageno 0'>
   <div class='ocr_carea' id='block_1_1' title="bbox 749 634 968 703">
    <p class='ocr_par' dir='ltr' id='par_1_1' title="bbox 749 634 968 703">
     <span class='ocr_line' id='line_1_1' title="bbox 749 634 968 703; baseline -0.005 -18"><span class='ocrx_word' id='word_1_1' title='bbox 749 634 968 703; x_wconf 68' lang='lat'><strong>..30-</strong></span> 
     </span>
    </p>
   </div>
   <div class='ocr_carea' id='block_1_2' title="bbox 319 846 1394 3057">
    <p class='ocr_par' dir='ltr' id='par_1_2' title="bbox 319 846 1394 3057">
     <span class='ocr_line' id='line_1_2' title="bbox 324 846 1393 934; baseline -0.004 -17"><span class='ocrx_word' id='word_1_2' title='bbox 324 850 399 917; x_wconf 82' lang='lat' dir='ltr'><strong>belli</strong></span> <span class='ocrx_word' id='word_1_3' title='bbox 420 846 546 934; x_wconf 83' lang='lat' dir='ltr'><strong>gerendi</strong></span> <span class='ocrx_word' id='word_1_4' title='bbox 567 848 918 933; x_wconf 83' lang='lat' dir='ltr'><strong>rationemasparnatus</strong></span> <span class='ocrx_word' id='word_1_5' title='bbox 939 846 1057 914; x_wconf 88' lang='lat' dir='ltr'><strong>bellum</strong></span> <span class='ocrx_word' id='word_1_6' title='bbox 1079 868 1119 913; x_wconf 84' lang='lat' dir='ltr'><strong>ex</strong></span> <span class='ocrx_word' id='word_1_7' title='bbox 1139 846 1234 913; x_wconf 85' lang='lat' dir='ltr'><strong>Italia</strong></span> <span class='ocrx_word' id='word_1_8' title='bbox 1252 847 1287 913; x_wconf 91' lang='lat' dir='ltr'><strong>in</strong></span> <span class='ocrx_word' id='word_1_9' title='bbox 1309 847 1393 914; x_wconf 75' lang='lat' dir='ltr'><strong>asri-</strong></span> 
     </span>
     <span class='ocr_line' id='line_1_3' title="bbox 325 953 1394 1033; baseline -0.005 -9"><span class='ocrx_word' id='word_1_10' title='bbox 325 977 395 1023; x_wconf 86' lang='lat' dir='ltr'><strong>cam</strong></span> <span class='ocrx_word' id='word_1_11' title='bbox 424 956 594 1033; x_wconf 75' lang='lat' dir='ltr'><strong>transtulit,</strong></span> <span class='ocrx_word' id='word_1_12' title='bbox 625 954 825 1021; x_wconf 82' lang='lat' dir='ltr'><strong>aduersatum</strong></span> <span class='ocrx_word' id='word_1_13' title='bbox 855 958 940 1021; x_wconf 78' lang='lat' dir='ltr'><strong>esse</strong></span> <span class='ocrx_word' id='word_1_14' title='bbox 955 960 989 1019; x_wconf 87' lang='lat' dir='ltr'><strong>et</strong></span> <span class='ocrx_word' id='word_1_15' title='bbox 1005 954 1127 1019; x_wconf 68' lang='lat' dir='ltr'><strong>⁴Liuius</strong></span> <span class='ocrx_word' id='word_1_16' title='bbox 1155 959 1188 1019; x_wconf 85' lang='lat' dir='ltr'><strong>et</strong></span> <span class='ocrx_word' id='word_1_17' title='bbox 1208 953 1394 1020; x_wconf 88' lang='lat' dir='ltr'><strong>Plutarchus</strong></span> 
     </span>
     <span class='ocr_line' id='line_1_4' title="bbox 325 1060 1394 1131; baseline -0.003 -1"><span class='ocrx_word' id='word_1_18' title='bbox 325 1069 462 1131; x_wconf 75' lang='lat' dir='ltr'><strong>nnuma</strong></span> <span class='ocrx_word' id='word_1_19' title='bbox 511 1067 669 1129; x_wconf 82' lang='lat' dir='ltr'><strong>mortuum</strong></span> <span class='ocrx_word' id='word_1_20' title='bbox 699 1080 782 1127; x_wconf 56' lang='lat' dir='ltr'><strong>uero,</strong></span> <span class='ocrx_word' id='word_1_21' title='bbox 806 1062 939 1127; x_wconf 82' lang='lat' dir='ltr'><strong>Fabium</strong></span> <span class='ocrx_word' id='word_1_22' title='bbox 968 1081 1045 1127; x_wconf 74' lang='lat' dir='ltr'><strong>sae</strong></span> <span class='ocrx_word' id='word_1_23' title='bbox 1066 1080 1095 1125; x_wconf 55' lang='lat' dir='ltr'><strong>»a</strong></span> <span class='ocrx_word' id='word_1_24' title='bbox 1116 1060 1245 1126; x_wconf 82' lang='lat' dir='ltr'><strong>ciuibus</strong></span> <span class='ocrx_word' id='word_1_25' title='bbox 1277 1061 1394 1127; x_wconf 75' lang='lat' dir='ltr'><strong>musto</strong></span> 
     </span>
     <span class='ocr_line' id='line_1_5' title="bbox 325 1167 1394 1253; baseline -0.004 -17"><span class='ocrx_word' id='word_1_26' title='bbox 325 1185 393 1237; x_wconf 83' lang='lat' dir='ltr'><strong>esse</strong></span> <span class='ocrx_word' id='word_1_27' title='bbox 425 1170 543 1235; x_wconf 74' lang='lat' dir='ltr'><strong>elotum</strong></span> <span class='ocrx_word' id='word_1_28' title='bbox 573 1174 753 1253; x_wconf 73' lang='lat' dir='ltr'><strong>atquem</strong></span> <span class='ocrx_word' id='word_1_29' title='bbox 775 1172 899 1253; x_wconf 85' lang='lat' dir='ltr'><strong>patrem</strong></span> <span class='ocrx_word' id='word_1_30' title='bbox 922 1168 1058 1252; x_wconf 79' lang='lat' dir='ltr'><strong>=patrise</strong></span> <span class='ocrx_word' id='word_1_31' title='bbox 1081 1188 1149 1232; x_wconf 85' lang='lat' dir='ltr'><strong>esse</strong></span> <span class='ocrx_word' id='word_1_32' title='bbox 1180 1167 1299 1232; x_wconf 87' lang='lat' dir='ltr'><strong>cultum</strong></span> <span class='ocrx_word' id='word_1_33' title='bbox 1329 1188 1394 1233; x_wconf 90' lang='lat' dir='ltr'><strong>non</strong></span> 
     </span>
     <span class='ocr_line' id='line_1_6' title="bbox 324 1254 1350 1351; baseline -0.008 -8"><span class='ocrx_word' id='word_1_34' title='bbox 324 1280 478 1343; x_wconf 62' lang='lat' dir='ltr'><strong>moment</strong></span> <span class='ocrx_word' id='word_1_35' title='bbox 498 1276 621 1351; x_wconf 65' lang='lat' dir='ltr'><strong>nsum</strong></span> <span class='ocrx_word' id='word_1_36' title='bbox 644 1274 682 1339; x_wconf 68' lang='lat' dir='ltr'><strong>of.</strong></span> <span class='ocrx_word' id='word_1_37' title='bbox 706 1273 809 1339; x_wconf 67' lang='lat' dir='ltr'><strong>vna.</strong></span> <span class='ocrx_word' id='word_1_38' title='bbox 830 1272 916 1339; x_wconf 69' lang='lat' dir='ltr'><strong>uu.</strong></span> <span class='ocrx_word' id='word_1_39' title='bbox 938 1254 976 1351; x_wconf 75' lang='lat' dir='ltr'><strong>V,</strong></span> <span class='ocrx_word' id='word_1_40' title='bbox 1000 1274 1031 1351; x_wconf 80' lang='lat' dir='ltr'><strong>a,</strong></span> <span class='ocrx_word' id='word_1_41' title='bbox 1054 1273 1084 1337; x_wconf 86' lang='lat' dir='ltr'><strong>a</strong></span> <span class='ocrx_word' id='word_1_42' title='bbox 1133 1320 1136 1329; x_wconf 93' lang='lat'>.</span> <span class='ocrx_word' id='word_1_43' title='bbox 1348 1315 1350 1320; x_wconf 86' lang='lat'><em>.</em></span> 
     </span>
     <span class='ocr_line' id='line_1_7' title="bbox 428 1377 1393 1465; baseline -0.002 -20"><span class='ocrx_word' id='word_1_44' title='bbox 428 1379 563 1465; x_wconf 79' lang='lat' dir='ltr'><strong>Singulis</strong></span> <span class='ocrx_word' id='word_1_45' title='bbox 593 1380 690 1465; x_wconf 74' lang='lat' dir='ltr'><strong>igitur&#39;</strong></span> <span class='ocrx_word' id='word_1_46' title='bbox 720 1379 807 1445; x_wconf 80' lang='lat' dir='ltr'><strong>uitae</strong></span> <span class='ocrx_word' id='word_1_47' title='bbox 837 1378 913 1444; x_wconf 87' lang='lat' dir='ltr'><strong>locis</strong></span> <span class='ocrx_word' id='word_1_48' title='bbox 944 1378 1140 1463; x_wconf 79' lang='lat' dir='ltr'><strong>perlustratis</strong></span> <span class='ocrx_word' id='word_1_49' title='bbox 1166 1377 1275 1461; x_wconf 81' lang='lat' dir='ltr'><strong>paucis</strong></span> <span class='ocrx_word' id='word_1_50' title='bbox 1307 1398 1393 1443; x_wconf 89' lang='lat' dir='ltr'><strong>oom-</strong></span> 
     </span>
     <span class='ocr_line' id='line_1_8' title="bbox 322 1482 1393 1572; baseline -0.004 -19"><span class='ocrx_word' id='word_1_51' title='bbox 322 1485 551 1572; x_wconf 83' lang='lat' dir='ltr'><strong>prehendamus</strong></span> <span class='ocrx_word' id='word_1_52' title='bbox 582 1506 663 1570; x_wconf 85' lang='lat' dir='ltr'><strong>quae</strong></span> <span class='ocrx_word' id='word_1_53' title='bbox 695 1485 878 1569; x_wconf 81' lang='lat' dir='ltr'><strong>quaestione</strong></span> <span class='ocrx_word' id='word_1_54' title='bbox 907 1489 1019 1550; x_wconf 76' lang='lat' dir='ltr'><strong>nostre</strong></span> <span class='ocrx_word' id='word_1_55' title='bbox 1048 1482 1187 1549; x_wconf 75' lang='lat' dir='ltr'><strong>effamsse</strong></span> <span class='ocrx_word' id='word_1_56' title='bbox 1219 1495 1277 1549; x_wconf 82' lang='lat' dir='ltr'><strong>nus</strong></span> <span class='ocrx_word' id='word_1_57' title='bbox 1307 1483 1393 1549; x_wconf 78' lang='lat' dir='ltr'><strong>sibi-</strong></span> 
     </span>
     <span class='ocr_line' id='line_1_9' title="bbox 323 1588 1392 1681; baseline -0.004 -23"><span class='ocrx_word' id='word_1_58' title='bbox 323 1598 451 1681; x_wconf 71' lang='lat' dir='ltr'><strong>uemar.</strong></span> <span class='ocrx_word' id='word_1_59' title='bbox 493 1597 595 1657; x_wconf 87' lang='lat' dir='ltr'><strong>totam</strong></span> <span class='ocrx_word' id='word_1_60' title='bbox 614 1590 697 1657; x_wconf 84' lang='lat' dir='ltr'><strong>hanc</strong></span> <span class='ocrx_word' id='word_1_61' title='bbox 720 1592 827 1657; x_wconf 76' lang='lat' dir='ltr'><strong>&#39;uitam</strong></span> <span class='ocrx_word' id='word_1_62' title='bbox 849 1591 992 1675; x_wconf 59' lang='lat' dir='ltr'><strong>&#39;exceptis</strong></span> <span class='ocrx_word' id='word_1_63' title='bbox 1013 1591 1133 1675; x_wconf 83' lang='lat' dir='ltr'><strong>paucis,</strong></span> <span class='ocrx_word' id='word_1_64' title='bbox 1157 1610 1239 1675; x_wconf 86' lang='lat' dir='ltr'><strong>quae</strong></span> <span class='ocrx_word' id='word_1_65' title='bbox 1262 1588 1302 1654; x_wconf 84' lang='lat' dir='ltr'><strong>de</strong></span> <span class='ocrx_word' id='word_1_66' title='bbox 1324 1608 1392 1655; x_wconf 91' lang='lat' dir='ltr'><strong>mo-</strong></span> 
     </span>
     <span class='ocr_line' id='line_1_10' title="bbox 322 1694 1391 1770; baseline -0.007 -5"><span class='ocrx_word' id='word_1_67' title='bbox 322 1698 409 1765; x_wconf 89' lang='lat' dir='ltr'><strong>ribus</strong></span> <span class='ocrx_word' id='word_1_68' title='bbox 439 1696 530 1764; x_wconf 82' lang='lat' dir='ltr'><strong>Fabii</strong></span> <span class='ocrx_word' id='word_1_69' title='bbox 559 1696 694 1763; x_wconf 91' lang='lat' dir='ltr'><strong>Maximi</strong></span> <span class='ocrx_word' id='word_1_70' title='bbox 720 1696 913 1764; x_wconf 67' lang='lat' dir='ltr'><strong>dimotum</strong></span> <span class='ocrx_word' id='word_1_71' title='bbox 943 1702 989 1761; x_wconf 89' lang='lat' dir='ltr'><strong>et·</strong></span> <span class='ocrx_word' id='word_1_72' title='bbox 1002 1716 1042 1761; x_wconf 84' lang='lat' dir='ltr'><strong>ex</strong></span> <span class='ocrx_word' id='word_1_73' title='bbox 1060 1696 1140 1764; x_wconf 72' lang='lat' dir='ltr'><strong>offis</strong></span> <span class='ocrx_word' id='word_1_74' title='bbox 1167 1694 1307 1761; x_wconf 85' lang='lat' dir='ltr'><strong>fontibus</strong></span> <span class='ocrx_word' id='word_1_75' title='bbox 1331 1694 1391 1770; x_wconf 77' lang='lat' dir='ltr'><strong>nd-</strong></span> 
     </span>
     <span class='ocr_line' id='line_1_11' title="bbox 322 1801 1391 1883; baseline -0.005 -12"><span class='ocrx_word' id='word_1_76' title='bbox 322 1806 405 1871; x_wconf 82' lang='lat' dir='ltr'><strong>iactu</strong></span> <span class='ocrx_word' id='word_1_77' title='bbox 434 1810 516 1883; x_wconf 73' lang='lat' dir='ltr'><strong>sunt,</strong></span> <span class='ocrx_word' id='word_1_78' title='bbox 548 1824 565 1869; x_wconf 86' lang='lat' dir='ltr'><strong>a</strong></span> <span class='ocrx_word' id='word_1_79' title='bbox 597 1804 634 1883; x_wconf 70' lang='lat' dir='ltr'><strong>Q„</strong></span> <span class='ocrx_word' id='word_1_80' title='bbox 663 1803 754 1876; x_wconf 72' lang='lat' dir='ltr'><strong>subii</strong></span> <span class='ocrx_word' id='word_1_81' title='bbox 781 1804 919 1870; x_wconf 85' lang='lat' dir='ltr'><strong>Pictoris</strong></span> <span class='ocrx_word' id='word_1_82' title='bbox 946 1802 1076 1869; x_wconf 62' lang='lat' dir='ltr'><strong>&amp;suecis</strong></span> <span class='ocrx_word' id='word_1_83' title='bbox 1099 1801 1276 1867; x_wconf 75' lang='lat' dir='ltr'><strong>annalibus</strong></span> <span class='ocrx_word' id='word_1_84' title='bbox 1311 1801 1391 1867; x_wconf 85' lang='lat' dir='ltr'><strong>hau·</strong></span> 
     </span>
     <span class='ocr_line' id='line_1_12' title="bbox 322 1909 1392 1995; baseline -0.005 -17"><span class='ocrx_word' id='word_1_85' title='bbox 322 1912 364 1978; x_wconf 89' lang='lat' dir='ltr'><strong>sit</strong></span> <span class='ocrx_word' id='word_1_86' title='bbox 378 1911 569 1977; x_wconf 66' lang='lat' dir='ltr'><strong>‘Plutarchus</strong></span> <span class='ocrx_word' id='word_1_87' title='bbox 595 1927 710 1995; x_wconf 82' lang='lat' dir='ltr'><strong>eosque</strong></span> <span class='ocrx_word' id='word_1_88' title='bbox 731 1911 964 1981; x_wconf 74' lang='lat' dir='ltr'><strong>accuratimime</strong></span> <span class='ocrx_word' id='word_1_89' title='bbox 981 1913 1108 1975; x_wconf 72' lang='lat' dir='ltr'><strong>secutis</strong></span> <span class='ocrx_word' id='word_1_90' title='bbox 1130 1914 1188 1987; x_wconf 84' lang='lat' dir='ltr'><strong>est,</strong></span> <span class='ocrx_word' id='word_1_91' title='bbox 1210 1912 1248 1973; x_wconf 85' lang='lat' dir='ltr'><strong>ut</strong></span> <span class='ocrx_word' id='word_1_92' title='bbox 1268 1909 1392 1993; x_wconf 75' lang='lat' dir='ltr'><strong>saepius</strong></span> 
     </span>
     <span class='ocr_line' id='line_1_13' title="bbox 321 2015 1392 2111; baseline -0.004 -28"><span class='ocrx_word' id='word_1_93' title='bbox 321 2019 390 2105; x_wconf 86' lang='lat' dir='ltr'><strong>ipsa</strong></span> <span class='ocrx_word' id='word_1_94' title='bbox 420 2018 519 2085; x_wconf 86' lang='lat' dir='ltr'><strong>uerba</strong></span> <span class='ocrx_word' id='word_1_95' title='bbox 553 2019 710 2084; x_wconf 72' lang='lat' dir='ltr'><strong>retineret</strong></span> <span class='ocrx_word' id='word_1_96' title='bbox 764 2036 992 2102; x_wconf 79' lang='lat' dir='ltr'><strong>nonnunqmun</strong></span> <span class='ocrx_word' id='word_1_97' title='bbox 1021 2017 1129 2111; x_wconf 78' lang='lat' dir='ltr'><strong>autem</strong></span> <span class='ocrx_word' id='word_1_98' title='bbox 1157 2015 1256 2081; x_wconf 78' lang='lat' dir='ltr'><strong>uerbo</strong></span> <span class='ocrx_word' id='word_1_99' title='bbox 1287 2015 1392 2098; x_wconf 80' lang='lat' dir='ltr'><strong>teh&#39;git</strong></span> 
     </span>
     <span class='ocr_line' id='line_1_14' title="bbox 322 2121 1390 2210; baseline -0.006 -17"><span class='ocrx_word' id='word_1_100' title='bbox 322 2131 378 2195; x_wconf 87' lang='lat' dir='ltr'><strong>aut</strong></span> <span class='ocrx_word' id='word_1_101' title='bbox 407 2125 617 2210; x_wconf 73' lang='lat' dir='ltr'><strong>proetermiait</strong></span> <span class='ocrx_word' id='word_1_102' title='bbox 647 2130 684 2189; x_wconf 85' lang='lat' dir='ltr'><strong>ut</strong></span> <span class='ocrx_word' id='word_1_103' title='bbox 714 2124 796 2190; x_wconf 83' lang='lat' dir='ltr'><strong>solat</strong></span> <span class='ocrx_word' id='word_1_104' title='bbox 823 2145 874 2189; x_wconf 86' lang='lat' dir='ltr'><strong>res</strong></span> <span class='ocrx_word' id='word_1_105' title='bbox 903 2122 1055 2207; x_wconf 57' lang='lat' dir='ltr'><strong>munione</strong></span> <span class='ocrx_word' id='word_1_106' title='bbox 1086 2121 1255 2199; x_wconf 88' lang='lat' dir='ltr'><strong>momenti,</strong></span> <span class='ocrx_word' id='word_1_107' title='bbox 1281 2142 1390 2187; x_wconf 67' lang='lat' dir='ltr'><strong>narro</strong></span> 
     </span>
     <span class='ocr_line' id='line_1_15' title="bbox 321 2226 1390 2315; baseline -0.005 -18"><span class='ocrx_word' id='word_1_108' title='bbox 321 2232 478 2297; x_wconf 84' lang='lat' dir='ltr'><strong>tiunculas</strong></span> <span class='ocrx_word' id='word_1_109' title='bbox 507 2230 620 2315; x_wconf 86' lang='lat' dir='ltr'><strong>quibus</strong></span> <span class='ocrx_word' id='word_1_110' title='bbox 655 2248 761 2295; x_wconf 86' lang='lat' dir='ltr'><strong>mores</strong></span> <span class='ocrx_word' id='word_1_111' title='bbox 794 2230 935 2295; x_wconf 85' lang='lat' dir='ltr'><strong>uirorum</strong></span> <span class='ocrx_word' id='word_1_112' title='bbox 965 2228 1120 2300; x_wconf 76' lang='lat' dir='ltr'><strong>clarorum</strong></span> <span class='ocrx_word' id='word_1_113' title='bbox 1150 2226 1301 2293; x_wconf 76' lang='lat' dir='ltr'><strong>illustrati</strong></span> <span class='ocrx_word' id='word_1_114' title='bbox 1330 2249 1390 2311; x_wconf 84' lang='lat' dir='ltr'><strong>pu-</strong></span> 
     </span>
     <span class='ocr_line' id='line_1_16' title="bbox 320 2335 1390 2423; baseline -0.002 -20"><span class='ocrx_word' id='word_1_115' title='bbox 320 2336 412 2404; x_wconf 85' lang='lat' dir='ltr'><strong>tobat</strong></span> <span class='ocrx_word' id='word_1_116' title='bbox 447 2335 559 2422; x_wconf 86' lang='lat' dir='ltr'><strong>cupide</strong></span> <span class='ocrx_word' id='word_1_117' title='bbox 597 2336 743 2423; x_wconf 49' lang='lat' dir='ltr'><strong>arr-lpuit&#39;¹</strong></span> <span class='ocrx_word' id='word_1_118' title='bbox 764 2343 804 2403; x_wconf 82' lang='lat' dir='ltr'><strong>et</strong></span> <span class='ocrx_word' id='word_1_119' title='bbox 834 2337 988 2422; x_wconf 70' lang='lat' dir='ltr'><strong>copiosius</strong></span> <span class='ocrx_word' id='word_1_120' title='bbox 1024 2335 1176 2420; x_wconf 77' lang='lat' dir='ltr'><strong>exposuit.</strong></span> <span class='ocrx_word' id='word_1_121' title='bbox 1220 2356 1284 2401; x_wconf 89' lang='lat' dir='ltr'><strong>non</strong></span> <span class='ocrx_word' id='word_1_122' title='bbox 1315 2355 1390 2401; x_wconf 73' lang='lat' dir='ltr'><strong>usura</strong></span> 
     </span>
     <span class='ocr_line' id='line_1_17' title="bbox 321 2439 1390 2528; baseline -0.004 -19"><span class='ocrx_word' id='word_1_123' title='bbox 321 2449 370 2509; x_wconf 86' lang='lat' dir='ltr'><strong>est</strong></span> <span class='ocrx_word' id='word_1_124' title='bbox 396 2442 498 2522; x_wconf 84' lang='lat' dir='ltr'><strong>Liuio,</strong></span> <span class='ocrx_word' id='word_1_125' title='bbox 529 2444 589 2509; x_wconf 89' lang='lat' dir='ltr'><strong>nisi</strong></span> <span class='ocrx_word' id='word_1_126' title='bbox 619 2442 700 2509; x_wconf 85' lang='lat' dir='ltr'><strong>forte</strong></span> <span class='ocrx_word' id='word_1_127' title='bbox 733 2444 927 2528; x_wconf 68' lang='lat' dir='ltr'><strong>praecurem</strong></span> <span class='ocrx_word' id='word_1_128' title='bbox 958 2439 1037 2506; x_wconf 89' lang='lat' dir='ltr'><strong>illud</strong></span> <span class='ocrx_word' id='word_1_129' title='bbox 1064 2441 1182 2506; x_wconf 77' lang='lat' dir='ltr'><strong>&lt;lictum</strong></span> <span class='ocrx_word' id='word_1_130' title='bbox 1203 2439 1390 2506; x_wconf 83' lang='lat' dir='ltr'><strong>Hannibalis</strong></span> 
     </span>
     <span class='ocr_line' id='line_1_18' title="bbox 320 2546 1388 2633; baseline -0.004 -19"><span class='ocrx_word' id='word_1_131' title='bbox 320 2550 350 2614; x_wconf 89' lang='lat' dir='ltr'><strong>ei</strong></span> <span class='ocrx_word' id='word_1_132' title='bbox 379 2548 579 2615; x_wconf 84' lang='lat' dir='ltr'><strong>tribuendum</strong></span> <span class='ocrx_word' id='word_1_133' title='bbox 611 2569 685 2615; x_wconf 86' lang='lat' dir='ltr'><strong>esse</strong></span> <span class='ocrx_word' id='word_1_134' title='bbox 709 2548 864 2615; x_wconf 89' lang='lat' dir='ltr'><strong>uideatur.</strong></span> <span class='ocrx_word' id='word_1_135' title='bbox 907 2569 1035 2633; x_wconf 81' lang='lat' dir='ltr'><strong>prorsus</strong></span> <span class='ocrx_word' id='word_1_136' title='bbox 1056 2546 1195 2631; x_wconf 80' lang='lat' dir='ltr'><strong>neglexit</strong></span> <span class='ocrx_word' id='word_1_137' title='bbox 1215 2546 1388 2631; x_wconf 83' lang='lat' dir='ltr'><strong>Polybium</strong></span> 
     </span>
     <span class='ocr_line' id='line_1_19' title="bbox 320 2654 1390 2740; baseline -0.006 -18"><span class='ocrx_word' id='word_1_138' title='bbox 320 2655 376 2723; x_wconf 85' lang='lat' dir='ltr'><strong>sed</strong></span> <span class='ocrx_word' id='word_1_139' title='bbox 407 2655 556 2740; x_wconf 85' lang='lat' dir='ltr'><strong>quoniam</strong></span> <span class='ocrx_word' id='word_1_140' title='bbox 586 2654 694 2719; x_wconf 82' lang='lat' dir='ltr'><strong>liuius</strong></span> <span class='ocrx_word' id='word_1_141' title='bbox 715 2654 849 2720; x_wconf 57' lang='lat' dir='ltr'><strong>*inhac</strong></span> <span class='ocrx_word' id='word_1_142' title='bbox 877 2654 1078 2720; x_wconf 85' lang='lat' dir='ltr'><strong>historiarum</strong></span> <span class='ocrx_word' id='word_1_143' title='bbox 1109 2658 1200 2737; x_wconf 86' lang='lat' dir='ltr'><strong>parte</strong></span> <span class='ocrx_word' id='word_1_144' title='bbox 1229 2658 1330 2735; x_wconf 82' lang='lat' dir='ltr'><strong>acque</strong></span> <span class='ocrx_word' id='word_1_145' title='bbox 1351 2672 1390 2716; x_wconf 87' lang='lat' dir='ltr'><strong>ac</strong></span> 
     </span>
     <span class='ocr_line' id='line_1_20' title="bbox 321 2759 1388 2844; baseline -0.004 -17"><span class='ocrx_word' id='word_1_146' title='bbox 321 2759 507 2827; x_wconf 77' lang='lat' dir='ltr'><strong>Plutarchus</strong></span> <span class='ocrx_word' id='word_1_147' title='bbox 527 2759 662 2825; x_wconf 89' lang='lat' dir='ltr'><strong>Fabium</strong></span> <span class='ocrx_word' id='word_1_148' title='bbox 682 2759 1062 2844; x_wconf 83' lang='lat' dir='ltr'><strong>Pictorenipreecipuum</strong></span> <span class='ocrx_word' id='word_1_149' title='bbox 1082 2759 1194 2825; x_wconf 86' lang='lat' dir='ltr'><strong>hahuit</strong></span> <span class='ocrx_word' id='word_1_150' title='bbox 1220 2763 1388 2835; x_wconf 84' lang='lat' dir='ltr'><strong>auctorem,</strong></span> 
     </span>
     <span class='ocr_line' id='line_1_21' title="bbox 319 2864 1388 2952; baseline -0.003 -19"><span class='ocrx_word' id='word_1_151' title='bbox 319 2871 445 2952; x_wconf 77' lang='lat' dir='ltr'><strong>praeter</strong></span> <span class='ocrx_word' id='word_1_152' title='bbox 471 2886 543 2931; x_wconf 83' lang='lat' dir='ltr'><strong>eum</strong></span> <span class='ocrx_word' id='word_1_153' title='bbox 572 2870 678 2931; x_wconf 86' lang='lat' dir='ltr'><strong>autam</strong></span> <span class='ocrx_word' id='word_1_154' title='bbox 704 2887 772 2932; x_wconf 90' lang='lat' dir='ltr'><strong>non</strong></span> <span class='ocrx_word' id='word_1_155' title='bbox 800 2866 902 2933; x_wconf 88' lang='lat' dir='ltr'><strong>solum</strong></span> <span class='ocrx_word' id='word_1_156' title='bbox 929 2865 1095 2951; x_wconf 81' lang='lat' dir='ltr'><strong>Polybium</strong></span> <span class='ocrx_word' id='word_1_157' title='bbox 1116 2864 1172 2931; x_wconf 86' lang='lat' dir='ltr'><strong>sed</strong></span> <span class='ocrx_word' id='word_1_158' title='bbox 1193 2865 1290 2931; x_wconf 86' lang='lat' dir='ltr'><strong>etiam</strong></span> <span class='ocrx_word' id='word_1_159' title='bbox 1309 2865 1388 2931; x_wconf 90' lang='lat' dir='ltr'><strong>alios</strong></span> 
     </span>
     <span class='ocr_line' id='line_1_22' title="bbox 319 2970 1388 3057; baseline -0.004 -17"><span class='ocrx_word' id='word_1_160' title='bbox 319 2974 478 3040; x_wconf 79' lang='lat' dir='ltr'><strong>annalium</strong></span> <span class='ocrx_word' id='word_1_161' title='bbox 499 2973 670 3057; x_wconf 83' lang='lat' dir='ltr'><strong>scriptores</strong></span> <span class='ocrx_word' id='word_1_162' title='bbox 701 2972 866 3050; x_wconf 83' lang='lat' dir='ltr'><strong>corsuluit,</strong></span> <span class='ocrx_word' id='word_1_163' title='bbox 896 2972 1016 3038; x_wconf 71' lang='lat' dir='ltr'><strong>factumn</strong></span> <span class='ocrx_word' id='word_1_164' title='bbox 1049 2977 1098 3037; x_wconf 83' lang='lat' dir='ltr'><strong>est</strong></span> <span class='ocrx_word' id='word_1_165' title='bbox 1116 2977 1163 3036; x_wconf 86' lang='lat' dir='ltr'><strong>ut</strong></span> <span class='ocrx_word' id='word_1_166' title='bbox 1194 2970 1231 3035; x_wconf 86' lang='lat' dir='ltr'><strong>in&#39;</strong></span> <span class='ocrx_word' id='word_1_167' title='bbox 1260 2971 1388 3037; x_wconf 86' lang='lat' dir='ltr'><strong>uniuer-</strong></span> 
     </span>
    </p>
   </div>
   <div class='ocr_carea' id='block_1_3' title="bbox 222 3075 1389 3163">
    <p class='ocr_par' dir='ltr' id='par_1_3' title="bbox 222 3075 1389 3163">
     <span class='ocr_line' id='line_1_23' title="bbox 222 3075 1389 3163; baseline -0.003 -20"><span class='ocrx_word' id='word_1_168' title='bbox 222 3136 223 3143; x_wconf 74' lang='grc'>,</span> <span class='ocrx_word' id='word_1_169' title='bbox 319 3101 388 3147; x_wconf 86' lang='lat' dir='ltr'><strong>sum</strong></span> <span class='ocrx_word' id='word_1_170' title='bbox 409 3100 481 3145; x_wconf 90' lang='lat' dir='ltr'><strong>cum</strong></span> <span class='ocrx_word' id='word_1_171' title='bbox 499 3078 682 3146; x_wconf 81' lang='lat' dir='ltr'><strong>Plutarcho</strong></span> <span class='ocrx_word' id='word_1_172' title='bbox 703 3078 870 3163; x_wconf 84' lang='lat' dir='ltr'><strong>conspiret,</strong></span> <span class='ocrx_word' id='word_1_173' title='bbox 899 3077 937 3142; x_wconf 91' lang='lat' dir='ltr'><strong>de</strong></span> <span class='ocrx_word' id='word_1_174' title='bbox 958 3076 1118 3143; x_wconf 89' lang='lat' dir='ltr'><strong>nonnullis</strong></span> <span class='ocrx_word' id='word_1_175' title='bbox 1135 3096 1211 3141; x_wconf 88' lang='lat' dir='ltr'><strong>uero</strong></span> <span class='ocrx_word' id='word_1_176' title='bbox 1233 3075 1389 3161; x_wconf 76' lang='lat' dir='ltr'><strong>discrepet</strong></span> 
     </span>
    </p>
   </div>
   <div class='ocr_carea' id='block_1_4' title="bbox 317 3181 1387 3677">
    <p class='ocr_par' dir='ltr' id='par_1_4' title="bbox 317 3181 1387 3677">
     <span class='ocr_line' id='line_1_24' title="bbox 320 3181 1387 3269; baseline -0.006 -16"><span class='ocrx_word' id='word_1_177' title='bbox 320 3206 391 3253; x_wconf 91' lang='lat' dir='ltr'><strong>oum</strong></span> <span class='ocrx_word' id='word_1_178' title='bbox 410 3206 459 3252; x_wconf 86' lang='lat' dir='ltr'><strong>eo.</strong></span> <span class='ocrx_word' id='word_1_179' title='bbox 501 3184 636 3251; x_wconf 82' lang='lat' dir='ltr'><strong>eandam</strong></span> <span class='ocrx_word' id='word_1_180' title='bbox 661 3184 797 3269; x_wconf 75' lang='lat' dir='ltr'><strong>denique</strong></span> <span class='ocrx_word' id='word_1_181' title='bbox 824 3183 957 3264; x_wconf 80' lang='lat' dir='ltr'><strong>Pahium</strong></span> <span class='ocrx_word' id='word_1_182' title='bbox 984 3183 1141 3249; x_wconf 87' lang='lat' dir='ltr'><strong>Pictorem</strong></span> <span class='ocrx_word' id='word_1_183' title='bbox 1161 3181 1305 3248; x_wconf 83' lang='lat' dir='ltr'><strong>adhibuit</strong></span> <span class='ocrx_word' id='word_1_184' title='bbox 1324 3181 1387 3247; x_wconf 87' lang='lat' dir='ltr'><strong>Po·</strong></span> 
     </span>
     <span class='ocr_line' id='line_1_25' title="bbox 317 3286 1387 3378; baseline -0.006 -21"><span class='ocrx_word' id='word_1_185' title='bbox 317 3291 427 3378; x_wconf 82' lang='lat' dir='ltr'><strong>lybias.</strong></span> <span class='ocrx_word' id='word_1_186' title='bbox 486 3297 520 3357; x_wconf 87' lang='lat' dir='ltr'><strong>at</strong></span> <span class='ocrx_word' id='word_1_187' title='bbox 562 3291 637 3375; x_wconf 92' lang='lat' dir='ltr'><strong>quia</strong></span> <span class='ocrx_word' id='word_1_188' title='bbox 664 3311 728 3356; x_wconf 93' lang='lat' dir='ltr'><strong>non</strong></span> <span class='ocrx_word' id='word_1_189' title='bbox 757 3295 794 3355; x_wconf 89' lang='lat' dir='ltr'><strong>ut</strong></span> <span class='ocrx_word' id='word_1_190' title='bbox 822 3289 918 3355; x_wconf 84' lang='lat' dir='ltr'><strong>ceteri</strong></span> <span class='ocrx_word' id='word_1_191' title='bbox 942 3288 1077 3372; x_wconf 71' lang='lat' dir='ltr'><strong>uesfigis</strong></span> <span class='ocrx_word' id='word_1_192' title='bbox 1096 3288 1165 3353; x_wconf 87' lang='lat' dir='ltr'><strong>eius</strong></span> <span class='ocrx_word' id='word_1_193' title='bbox 1186 3287 1310 3371; x_wconf 80' lang='lat' dir='ltr'><strong>pressit,</strong></span> <span class='ocrx_word' id='word_1_194' title='bbox 1330 3286 1387 3352; x_wconf 87' lang='lat' dir='ltr'><strong>sed</strong></span> 
     </span>
     <span class='ocr_line' id='line_1_26' title="bbox 318 3386 1386 3479; baseline -0.007 -14"><span class='ocrx_word' id='word_1_195' title='bbox 318 3403 408 3465; x_wconf 83' lang='lat' dir='ltr'><strong>ceute</strong></span> <span class='ocrx_word' id='word_1_196' title='bbox 439 3418 478 3463; x_wconf 89' lang='lat' dir='ltr'><strong>eo</strong></span> <span class='ocrx_word' id='word_1_197' title='bbox 507 3418 583 3463; x_wconf 75' lang='lat' dir='ltr'><strong>rusus</strong></span> <span class='ocrx_word' id='word_1_198' title='bbox 606 3401 654 3462; x_wconf 86' lang='lat' dir='ltr'><strong>est</strong></span> <span class='ocrx_word' id='word_1_199' title='bbox 669 3416 847 3479; x_wconf 67' lang='lat' dir='ltr'><strong>,nimquam</strong></span> <span class='ocrx_word' id='word_1_200' title='bbox 871 3400 937 3461; x_wconf 80' lang='lat' dir='ltr'><strong>mon</strong></span> <span class='ocrx_word' id='word_1_201' title='bbox 968 3386 1150 3461; x_wconf 81' lang='lat' dir='ltr'><strong>examinans</strong></span> <span class='ocrx_word' id='word_1_202' title='bbox 1169 3392 1386 3477; x_wconf 78' lang='lat' dir='ltr'><strong>aoJoomigens</strong></span> 
     </span>
     <span class='ocr_line' id='line_1_27' title="bbox 318 3489 1386 3590; baseline -0.007 -19"><span class='ocrx_word' id='word_1_203' title='bbox 318 3489 476 3590; x_wconf 70' lang='lat' dir='ltr'><strong>quaeffle</strong></span> <span class='ocrx_word' id='word_1_204' title='bbox 502 3501 809 3581; x_wconf 64' lang='lat' dir='ltr'><strong>cecideramus</strong></span> <span class='ocrx_word' id='word_1_205' title='bbox 833 3501 1030 3567; x_wconf 68' lang='lat' dir='ltr'><strong>taunacum</strong></span> <span class='ocrx_word' id='word_1_206' title='bbox 1051 3500 1143 3566; x_wconf 75' lang='lat' dir='ltr'><strong>linio</strong></span> <span class='ocrx_word' id='word_1_207' title='bbox 1161 3504 1198 3565; x_wconf 86' lang='lat' dir='ltr'><strong>ct</strong></span> <span class='ocrx_word' id='word_1_208' title='bbox 1217 3498 1386 3576; x_wconf 83' lang='lat' dir='ltr'><strong>Plutarcho</strong></span> 
     </span>
     <span class='ocr_line' id='line_1_28' title="bbox 318 3609 953 3677; baseline -0.009 0"><span class='ocrx_word' id='word_1_209' title='bbox 318 3609 481 3677; x_wconf 82' lang='lat' dir='ltr'><strong>consentit.</strong></span> <span class='ocrx_word' id='word_1_210' title='bbox 559 3660 561 3667; x_wconf 94' lang='lat'><em>.</em></span> <span class='ocrx_word' id='word_1_211' title='bbox 608 3656 611 3668; x_wconf 85' lang='lat'>.</span> <span class='ocrx_word' id='word_1_212' title='bbox 715 3646 739 3675; x_wconf 59' lang='grc' dir='ltr'><strong>,ι</strong></span> <span class='ocrx_word' id='word_1_213' title='bbox 950 3642 953 3650; x_wconf 85' lang='grc'><em>·</em></span> 
     </span>
    </p>
   </div>
   <div class='ocr_carea' id='block_1_5' title="bbox 0 0 1714 5567">
    <p class='ocr_par' dir='ltr' id='par_1_5' title="bbox 0 0 1714 5567">
     <span class='ocr_line' id='line_1_29' title="bbox 0 0 1714 5567; baseline 0 3"><span class='ocrx_word' id='word_1_214' title='bbox 0 0 1714 5567; x_wconf 95' lang='lat' dir='ltr'><strong> </strong></span> 
     </span>
    </p>
   </div>
  </div>
 </body>
</html>
