3417 5567
742 674 784 685 -
828 637 961 702 24·-

316 847 476 916 Plutamhi
496 847 641 933 proprius
662 866 739 913 essa
783 846 861 931 quid
882 847 978 931 igitur
999 844 1200 913 statrondum
1223 850 1292 915 est?
1320 848 1407 917 sola

316 955 521 1023 mmmmm
547 960 654 1021 cetero
682 959 795 1019 ornatu
821 960 928 1037 spreto
955 952 1158 1019 Plutarchum
1180 974 1198 1020 e
1219 956 1312 1024 Liuio
1336 978 1407 1023 ex-

316 1061 467 1147 cerpsisse
494 1060 534 1127 ab
562 1062 668 1127 animo
695 1061 866 1144 impetrare
896 1081 958 1127 uon
986 1080 1149 1144 possumus
1171 1067 1209 1126 ut
1229 1068 1407 1147 putemus;

315 1169 416 1236 multo
441 1188 518 1233 sane
545 1165 738 1251 probabilius
766 1172 814 1231 est
841 1171 1026 1250 argumenta
1054 1187 1093 1231 ex
1121 1170 1277 1235 communi
1303 1170 1408 1235 fonte

316 1282 485 1359 utrumque
510 1273 660 1358 petiuisse
691 1292 731 1337 ac
750 1292 808 1355 pro
836 1292 894 1337 suo
930 1277 1099 1355 utrumque
1134 1272 1259 1361 ingenio
1294 1280 1407 1359 atque

314 1382 419 1449 indole
441 1398 608 1447 exornasse
636 1384 733 1461 atque
761 1377 940 1443 excoluisse.
985 1378 1049 1443 iarn
1086 1399 1162 1445 uero
1199 1382 1226 1445 si
1263 1382 1297 1447 in
1324 1402 1407 1447 me-

315 1490 447 1556 moriam
489 1506 672 1553 reuccamus
722 1483 948 1568 discrepantias
994 1506 1090 1570 supra
1140 1492 1283 1566 notatas,
1321 1488 1405 1571 qui-

317 1596 376 1661 bus
401 1614 478 1661 num
503 1593 628 1659 Liuium
655 1591 845 1657 Plutarchus
879 1589 1057 1656 adhibuerit
1090 1592 1153 1657 iam
1181 1592 1310 1659 dubium
1333 1600 1403 1670 est,

318 1707 439 1767 certum
459 1698 585 1765 uidetur
606 1696 697 1764 nobis
718 1718 787 1763 esse
808 1717 911 1780 neque
933 1702 1118 1780 argumenta
1140 1700 1315 1765 orationum
1337 1720 1404 1765 ne-

318 1828 380 1893 que
407 1806 532 1872 omnino
559 1802 733 1887 quidquam
759 1802 891 1869 eIiuio
913 1803 1081 1887 sumpsisse
1101 1804 1316 1883 Plutarchum,
1337 1805 1404 1872 sed

318 1918 486 1996 utrumque
508 1930 548 1977 ex
569 1908 681 1975 eodem
701 1909 789 1995 fonte
810 1908 950 1974 hausisse
973 1910 1086 1977 omnia

425 2018 526 2097 Quem
553 2036 749 2083 communem
777 2016 898 2083 fontem
919 2016 1052 2083 Fabium
1073 2017 1228 2083 Pictorem
1249 2017 1343 2084 fuisse
1368 2020 1402 2084 si

320 2146 383 2191 non
405 2125 470 2190 iam
490 2128 587 2189 antea
600 2123 784 2189 euicerimus
799 2123 896 2189 stiam
918 2144 936 2189 e
957 2124 1055 2189 totius
1080 2125 1267 2190 nanauonis
1288 2125 1401 2191 indole

319 2252 436 2316 magna
457 2252 528 2295 cum
549 2230 617 2295 ueri
638 2228 840 2295 similitudme
854 2228 937 2295 effici
958 2231 1066 2314 possit.
1111 2252 1184 2297 nam
1207 2252 1271 2295 non
1291 2232 1400 2297 minus

321 2359 339 2403 e
365 2337 457 2403 Liuio
485 2356 580 2420 quam
608 2357 626 2401 s
654 2337 823 2401 Plutarcho
851 2336 955 2402 elucet
982 2342 1227 2422 auctoremque
1250 2339 1401 2404 usisunt

320 2466 370 2511 res
397 2465 480 2528 quae
505 2442 548 2509 ad
574 2441 706 2509 Fabium
733 2443 907 2509 Maximum
929 2449 1074 2527 spectant
1094 2446 1232 2511 maxima
1253 2466 1324 2513 cum
1346 2444 1398 2511 di-

321 2551 450 2636 ligentia
476 2554 510 2614 et
536 2549 653 2615 eximia
674 2570 750 2615 cura
772 2550 952 2633 exposuisse
975 2556 1071 2633 atque
1092 2556 1159 2615 tam
1181 2572 1285 2617 acrem
1307 2550 1398 2617 Fabii

322 2657 518 2724 defensorem
546 2676 584 2719 ac
611 2661 876 2739 propugnatorem
909 2676 944 2721 se
973 2656 1163 2740 praebuisse,
1193 2664 1231 2723 ut
1252 2647 1398 2723 nonnun-

322 2785 417 2849 quam
445 2762 485 2827 de
512 2760 574 2827 fide
601 2762 668 2826 eius
695 2761 832 2826 dubitari
866 2762 988 2829 debeat.
1040 2763 1283 2849 quotiescunque
1311 2765 1396 2831 enim

321 2872 390 2938 fieri
404 2875 510 2955 potest
530 2869 664 2934 uirtutes
686 2890 725 2934 ac
744 2869 858 2935 merita
879 2868 969 2935 Fabii
991 2870 1121 2935 Maximi
1143 2871 1271 2937 summis
1292 2870 1395 2937 laudi-

322 2979 382 3044 bus
410 2975 590 3054 efferuntur,
618 2975 746 3041 Minucii
768 2980 802 3041 et
823 2975 1069 3041 obtrectatorum
1091 2977 1157 3041 eius
1179 2979 1340 3047 temeritas
1362 2984 1398 3043 et

323 3084 463 3170 prauitas
497 3104 593 3167 quam
626 3083 897 3150 uehementissime
931 3084 1105 3167 corripitur.
1156 3082 1281 3168 proelii,
1310 3082 1396 3167 quod

324 3191 453 3257 absente
478 3188 577 3254 Fabio
603 3188 758 3255 Minucius
785 3201 857 3254 cum
885 3188 1061 3254 Hannibale
1082 3189 1196 3253 inierat
1217 3194 1250 3253 et
1271 3188 1311 3253 de
1332 3208 1396 3272 quo
1423 3250 1424 3253 ,

283 3343 285 3347 -
323 3296 413 3362 narie
440 3296 481 3361 ab
509 3294 689 3361 auctoribus
714 3294 888 3359 iudicatum
914 3314 982 3359 esse
1010 3314 1028 3358 e
1054 3290 1145 3361 Liuio
1169 3295 1315 3360 discimus
1338 3295 1397 3381 (24

325 3410 354 3487 ξ.
385 3402 519 3486 8--14),
547 3406 654 3467 noster
681 3406 791 3466 auctor
817 3422 888 3466 eam
916 3400 1043 3466 exbibet
1071 3402 1292 3479 curationem,
1315 3420 1397 3485 quae

325 3507 412 3574 laudi
433 3506 523 3572 Fabii
545 3528 640 3589 quam
661 3507 788 3572 minime
809 3506 907 3571 officit
928 3505 1057 3572 Minucii
1079 3507 1210 3590 gloriam
1227 3506 1395 3571 imminuit.

326 3613 492 3699 probatam
514 3611 648 3700 denique
669 3634 707 3679 ac
728 3612 890 3677 laudatam
913 3632 983 3677 esse
1002 3612 1189 3697 prudentem
1210 3613 1301 3679 Fabii
1322 3612 1397 3679 belli

326 3720 454 3805 gerendi
480 3719 636 3786 rationem
661 3719 703 3785 ab
729 3721 799 3805 ipso
820 3720 967 3797 Minucia,
990 3721 1045 3803 qui
1066 3719 1282 3785 acerbissimus
1305 3725 1400 3785 antea

327 3827 525 3892 aduersarius
547 3826 614 3891 eius
636 3824 748 3904 brerat,
773 3846 836 3910 qua
857 3824 1002 3891 ubertate
1025 3831 1058 3891 et
1079 3825 1236 3891 suauitate
1257 3824 1398 3910 depingi-

328 3932 395 3998 turl
440 3932 514 3997 talis
541 3952 617 3997 uero
644 3932 784 3998 narratio
806 3932 856 3997 cui
880 3931 985 4017 aptius
1006 3931 1103 3997 tribui
1123 3931 1224 4015 possit
1246 3951 1340 4014 quam
1362 3930 1399 4009 Q.

329 4039 427 4105 Fabio
460 4038 593 4115 Pictori,
627 4038 879 4107 Fabii.Maximi
911 4038 1020 4122 gentili
1053 4044 1149 4126 alque
1176 4037 1309 4124 aequali,
1338 4058 1400 4125 quo

330 4145 484 4211 neminem
533 4145 709 4210 accuratius
752 4144 878 4210 nouisse
927 4163 976 4209 res
1020 4143 1060 4210 ab
1102 4144 1156 4209 illc
1198 4148 1302 4226 gestas
1346 4148 1402 4208 aut

329 4251 447 4316 maiore
481 4250 687 4315 admiratione
719 4250 897 4334 amplexum
924 4270 991 4317 esse
1020 4255 1053 4314 et
1080 4248 1281 4332 descripsisse
1308 4240 1400 4316 facile

330 4354 534 4439 intellegitur!

437 4460 587 4526 Venimus
620 4460 663 4527 ad
702 4480 827 4546 pugnae
863 4458 1033 4526 Cannensis
1066 4460 1305 4546 descriptionem
1342 4460 1402 4547 (Pl.

333 4566 551 4652 XIV-XVI),
573 4588 654 4656 quae
674 4590 746 4635 oum
766 4567 897 4653 Polybio
912 4566 1030 4635 nullam
1052 4588 1197 4651 magnam
1219 4588 1291 4633 cum
1313 4567 1403 4631 Liuio

334 4674 568 4739 similitudinem
597 4674 703 4752 babet,
731 4679 769 4739 ut
794 4672 994 4739 manifestum
1022 4673 1063 4739 sit
1084 4679 1141 4739 aut
1162 4672 1364 4739 Plutarchum
1387 4693 1404 4735 e
