3417 5567
330 946 399 1008 um
418 962 488 1007 osso
507 941 613 1026 putori
633 942 743 1026 possit,
764 942 838 1029 quie
860 942 1032 1008 clesissims
1053 946 1127 1007 sunt
1147 942 1214 1007 eius
1235 938 1403 1009 conbene-

330 1066 394 1137 qoe
415 1048 511 1114 semol
531 1046 743 1133 disuwontie
761 1047 846 1113 In'uii
866 1052 999 1133 apponet
1020 1046 1077 1126 sed
1099 1048 1141 1114 ed
1161 1049 1258 1115 totius
1279 1065 1403 1133 pugneo

330 1153 571 1239 desciptionem
590 1153 737 1239 pertinet,
758 1174 862 1219 none
888 1153 1018 1239 Polybio
1044 1153 1102 1220 'sed
1131 1175 1170 1221 ex
1192 1154 1254 1220 elio
1275 1158 1403 1220 euotore

329 1260 508 1326 menedimo
533 1260 735 1327 monendum
762 1266 819 1326 ost
863 1282 901 1327 ec
928 1282 999 1327 oum
1026 1260 1104 1327 boec
1130 1261 1264 1346 spons
1286 1261 1402 1331 cesse-

329 1367 397 1452 ptio
418 1367 639 1455 copiarumque
659 1366 825 1433 collocatio
853 1368 953 1434 totins
971 1388 1096 1453 pugneo
1123 1367 1340 1453 descriptionis
1366 1370 1410 1435 ut'

329 1474 376 1540 its
397 1473 501 1539 dicem
526 1471 763 1540 dudemonbnm
790 1474 844 1552 sit,
872 1479 1036 1558 praetereo
1062 1494 1126 1541 non
1148 1492 1250 1560 peuce
1271 1480 1402 1542 annota-

329 1580 476 1658 uerimns,
503 1600 584 1668 quse
605 1585 662 1646 sut
682 1580 767 1646 solus
792 1579 903 1647 nisio
930 1579 1058 1645 exbibet
1081 1586 1137 1646 eut
1162 1600 1306 1665 pugnans
1332 1598 1403 1649 eum

329 1685 460 1771 Polybio
470 1683 773 1771 exposuit'dubituri
782 1706 846 1751 non
855 1691 961 1770 potest
978 1684 1054 1776 quin
1069 1686 1177 1752 Liuius
1186 1688 1220 1753 in
1230 1688 1403 1773 heopugnn

328 1792 535 1860 deocnibende
554 1792 687 1878 Polybio
707 1793 833 1860 omnino
855 1814 919 1859 non
933 1814 1009 1860 useu
1023 1794 1074 1873 sit,
1097 1794 1312 1861 similitudines
1326 1810 1402 1861 noso

328 1921 350 1967 e
369 1900 526 1967 communi
545 1898 742 1988 ebenoque
763 1897 1010 1966 adffibiofonts
1024 1900 1214 1984 repetendae
1234 1901 1305 1967 sint.
1328 1919 1402 1971 nom

328 1988 577 2074 suessano
599 2006 706 2072 sus
719 2004 883 2071 bunost
902 2004 1076 2091 nonnum,
1098 2028 1162 2073 nos
1182 2007 1253 2073 nne
1274 2008 1402 2074 minore

328 2113 479 2181 momenti
499 2133 550 2178 res
563 2108 620 2179 sod
640 2113 746 2198 potius
766 2112 1005 2179 fundumentum
1026 2120 1083 2180 out
1103 2120 1204 2181 totum
1218 2114 1402 2200 desoniptio·

328 2238 402 2286 nem
424 2239 465 2285 ox
480 2237 519 2284 oo
540 2218 731 2302 sumpsisset
774 2216 862 2285 fonte
883 2238 960 2285 uero
981 2219 1042 2285 boo
1063 2220 1153 2285 uene
1173 2221 1294 2287 notione
1315 2227 1402 2289 utos*-

328 2345 390 2414 qne
416 2344 491 2391 usus
518 2330 575 2390 ost
619 2324 727 2392 Liuius
754 2326 838 2393 enim
865 2344 946 2415 quae
972 2327 1095 2397 inuenit
1121 2327 1201 2393 nihil
1228 2329 1402 2414 suspicatus

328 2430 462 2498 credidit
483 2450 521 2497 ec
541 2430 627 2497 bons
646 2430 711 2497 fide
730 2431 879 2531 poddidit,
901 2431 1048 2518 Polybius
1069 2438 1175 2501 autom
1196 2439 1234 2499 ut
1254 2440 1324 2501 erat
1337 2435 1402 2502 scii

328 2538 443 2604 iudicio
467 2538 658 2603 examinent
687 2543 736 2616 et,
762 2539 839 2626 quie
877 2538 945 2623 ipss
971 2539 1058 2606 leons
1081 2539 1285 2607 Tnesunmi
1307 2542 1401 2609 εἱτιιπι

327 2645 519 2711 lustnsuerot
539 2644 681 2733 falsoque
702 2643 743 2711 eb
757 2651 886 2712 suowre
907 2666 964 2713 suo
986 2641 1176 2744 desculptu‘m
1196 2666 1265 2713 esse
1286 2668 1401 2732 cogno·

328 2756 429 2830 cern,
450 2751 629 2847 immolauit
649 2771 688 2816 ec
708 2751 852 2817 conexit

432 2850 612 2937 Qnsis'uero
640 2861 689 2923 est
715 2855 767 2922 hic
792 2857 957 2945 uniusque
984 2858 1114 2923 motor?
1141 2858 1175 2924 in
1197 2878 1323 2925 censum
1345 2878 1400 2926 ue-
1460 2920 1463 2925 ,

328 2963 396 3029 niro
416 2968 549 3048 possunt
575 2964 736 3029 annalium
762 2963 944 3047 sculptores,
972 2963 1028 3051 qui
1048 2964 1169 3049 Polybii
1190 2965 1288 3031 aetati
1309 2971 1399 3033 ente-

328 3073 498 3147 sessorum,
519 3073 554 3134 et
574 3068 696 3147 creso,
717 3069 773 3157 qui
793 3089 862 3134 sese
883 3068 925 3135 od
946 3067 1063 3135 bellum
1079 3070 1319 3139 Hennibeboum
1332 3090 1399 3140 me-

328 3175 446 3251 moriae
471 3172 667 3259 pnodendum
692 3173 903 3239 accinxerunt
948 3194 986 3239 ac
1007 3172 1144 3240 Graecos
1166 3173 1291 3263 quidem
1314 3176 1398 3245 Sosi-

327 3283 393 3349 lum
414 3302 453 3349 ac
473 3280 646 3347 Chaeream
666 3301 730 3347 non
751 3280 876 3347 nouisse
897 3280 1022 3347 uidetur
1042 3280 1160 3360 Lindus,
1182 3281 1328 3368 Polybius
1349 3285 1398 3351 in-

300 3413 305 3425 ·
327 3386 438 3474 dignos
459 3408 529 3454 esse
549 3386 640 3466 dicit,
670 3385 724 3476 qui
749 3386 900 3453 historice
921 3388 1086 3474 soniptores
1109 3386 1305 3473 appellentur
1326 3390 1399 3480 (111,

328 3496 396 3583 20)
440 3494 583 3561 similiter
603 3494 643 3561 de
665 3492 771 3561 Sileno
791 3492 993 3561 statuendum
1014 3498 1072 3559 sse
1104 3514 1178 3561 nem
1198 3495 1236 3574 is,
1258 3501 1398 3581 prseter-

327 3623 423 3692 quoni
448 3600 535 3690 quod
560 3599 706 3686 Polybius
740 3619 902 3687 nunquam
927 3599 1023 3667 semel
1049 3598 1158 3665 Liuius
1183 3600 1312 3689 (XXVI,
1338 3602 1399 3691 49)

286 3756 290 3763 ι
326 3728 400 3774 enm
419 3705 660 3784 nominatione
680 3709 787 3771 eutem
813 3725 890 3770 num
916 3705 1018 3790 ipsum
1039 3705 1209 3790 inspexeiit
1228 3707 1337 3774 Misius
1357 3730 1400 3777 en

326 3834 367 3881 ex
388 3812 451 3880 ulio
471 3817 599 3879 sucwre
619 3832 733 3877 nomen
760 3810 827 3877 cius
848 3810 1094 3895 transscripsenit
1120 3810 1257 3877 dubitari
1283 3819 1398 3899 potest,

325 3918 490 3989 bistonism
510 3940 616 3997 mmm,
644 3919 717 3994 sie
744 3916 919 4003 fragmento
941 3939 961 3984 n
984 3913 1131 3985 Cicerone
1153 3913 1192 3982 de
1221 3916 1283 3984 diu.
1305 3918 1331 3998 Ι,
1354 3918 1399 3989 24

325 4032 453 4097 corneto
480 4027 691 4093 coniecturam
723 4025 825 4091 iecere
858 4024 941 4103 licet,
973 4042 1060 4091 mone
1088 4023 1264 4091 Geecorum
1284 4026 1399 4097 fabulis

326 4138 542 4212 oxornsuerot,
566 4151 643 4222 qnos
664 4132 806 4197 mnisisse
832 4129 946 4197 Caeliis
971 4131 1192 4197 mnnodomm
1219 4132 1399 4200 ementibus

326 4238 496 4327 oPolybii
522 4236 647 4322 ingenio
675 4236 858 4304 sbhoruisse
885 4256 1011 4302 censere
1040 4236 1197 4302 debemus.
1241 4238 1277 4303 L.
1301 4238 1398 4305 Cincii

325 4346 475 4415 Alimonti
495 4351 601 4413 sutem
622 4349 656 4411 et
677 4343 768 4410 Acilii
797 4342 976 4410 Glsbnionis
997 4342 1084 4408 nullo
1104 4342 1141 4408 fit
1161 4343 1281 4409 mentio
1303 4344 1398 4411 oPo-

324 4454 418 4543 lybie.
462 4452 505 4520 Μ.
526 4452 619 4519 Porci
639 4450 767 4519 Catonis
790 4450 923 4535 onigines
950 4470 1009 4515 nec
1031 4448 1285 4515 commemorauit
1305 4450 1397 4535 Poly-

325 4560 396 4629 bius
421 4581 480 4626 neo
506 4558 633 4625 Liuium
659 4558 693 4623 in
719 4558 814 4623 tertis
842 4555 960 4623 decade
987 4554 1178 4623 consuluisse
1205 4555 1272 4621 ueni
1298 4556 1398 4623 similo

324 4672 375 4733 ost
395 4665 449 4755 (cf.
476 4663 665 4732 lachmann
692 4663 723 4730 d
749 4664 770 4729 f.
797 4664 833 4729 L.
855 4664 905 4743 11,
934 4662 1000 4749 17).
1050 4660 1087 4727 Α.
1115 4662 1266 4729 Postumii
1293 4662 1398 4730 Albini
