3417 5567
735 648 949 713 ..29-

311 856 513 925 Plutarchum
543 875 724 945 comparare
757 860 830 926 licet
816 861 961 948 t.(lio.
974 858 1104 937 XXVII,
1134 859 1380 945 15—16;25)

313 972 407 1049 atque
434 967 560 1031 Liuium
588 966 715 1051 quidem
741 966 883 1033 uidemus
904 967 1054 1033 hocloco
1075 988 1144 1032 non
1160 967 1264 1031 minus
1285 987 1380 1050 quam

266 1087 272 1097 ·
311 1073 435 1137 antea
426 1095 459 1137 ιιι
486 1072 665 1138 uniuersum
690 1074 870 1156 conspirare
891 1094 965 1139 cum
983 1072 1170 1138 Plutarcho
1177 1071 1380 1160 duplicisque

311 1177 415 1243 famae
447 1177 580 1243 eandem
613 1199 708 1262 quarn
741 1179 897 1267 probauit·
922 1178 1122 1244 Plutarchus·
1135 1179 1293 1256 exhihere,
1324 1177 1392 1243 sed·

198 1317 202 1324 ·
311 1305 534 1375 nonnunquam
554 1286 600 1349 ita
622 1284 662 1350 ab
686 1305 723 1350 eo
746 1283 1041 1351 discedere-utzcius
1056 1290 1166 1351 auctor
1185 1284 1297 1369 haberi.
1316 1305 1380 1352 uon

311 1391 420 1475 possit.
465 1412 505 1455 nc
526 1390 659 1457 leuiores
680 1390 905 1474 dismepsntlas
920 1389 1111 1455 cumulemus
1132 1391 1283 1457 nonnulla
1304 1389 1381 1455 atie-

310 1517 423 1575 mmus,
446 1496 558 1581 quibus
573 1496 626 1561 ‘ita
646 1517 713 1561 rem
732 1510 807 1561 ‘esse
830 1496 998 1561 nutricium·
1033 1516 1108 1560 nam
1128 1517 1187 1580 pro
1207 1496 1381 1563 incredibili

181 1610 183 1613 ’
312 1603 345 1667 ui
373 1602 442 1667 auci
469 1624 487 1667 e
515 1602 636 1687 direpto
666 1601 801 1670 Tarento
828 1602 863 1667 in
882 1602 1045 1668 caumatum
1072 1601 1188 1667 celan·
1206 1604 1264 1689 (16
1286 1609 1317 1687 ᾖ.
1343 1603 1380 1668 71:

310 1710 453 1793 „argenti
480 1710 528 1773 uis
556 1708 665 1792 ingens
691 1707 767 1773 facti
794 1709 984 1791 signatique,-
1011 1709 1083 1773 anri
1099 1708 1272 1782 cxxffl
1293 1709 1381 1776 milis

310 1814 462 1901 pond0“),
487 1834 567 1897 quse
589 1813 748 1881 Valerium
769 1813 929 1881 Antiatem
951 1820 1045 1898 quem
1066 1814 1266 1891 immodicum
1285 1816 1381 1882 fuisso

310 1922 343 1986 in
364 1921 499 1985 numeris
515 1920 664 2005 augendis
677 1921 908 2003 nemoi'gnoust
920 1919 1055 1999 redolet
1072 1921 1261 1987 Plutarchus
1280 1924 1380 1988 multo

309 2028 458 2093 minorem
474 2046 513 2091 ac
533 2026 775 2111 probabiliorem
794 2046 949 2093 summam
971 2025 1264 2111 exhibet·quae.ne
1286 2050 1381 2113 quur·

309 2141 376 2200 tam
404 2134 529 2218 quidem
555 2138 679 2218 partem
707 2133 864 2203 Liuianae·
891 2134 1171 2217 summacvexplct
1193 2133 1378 2225 (ὠιηνέχθη
1469 2210 1474 2229 ¹

309 2240 386 2315 δἐἰς
408 2230 443 2307 'ui
465 2238 622 2329 δημόσιαι
642 2237 994 2325 wsaxtlsoeuilcvaat·
1021 2239 1264 2307 deindeihiuius
1284 2243 1380 2327 signis

308 2368 346 2413 ao
379 2346 494 2413 tabulis
528 2346 768 2413 Tarentinorum
801 2366 871 2413 sess
902 2346 1099 2413 abstinuisse·
1127 2340 1260 2413 satim
1294 2348 1379 2427 dicit,

233 2446 242 2465 ⁸
308 2452 477 2530 Plutarcho
499 2458 627 2517 auctore
648 2452 764 2517 Fabius
784 2452 986 2535 ·pcremplum
1008 2452 1153 2528 Herculis
1171 2453 1379 2537 signumRo-

307 2581 393 2626 mam
415 2559 594 2645 deportauit
616 2564 648 2625 et
670 2559 818 2643 ipsesibi
840 2564 978 2625 statuum
999 2579 1129 2625 aeneam
1150 2542 1325 2643 equestrem
1346 2562 1380 2628 in

309 2666 464 2751 Capitolio
491 2667 604 2751 posuit.
654 2666 784 2731 ulterius
801 2666 998 2750 ‘triumphis
1019 2666 1118 2732 Fabio
1141 2666 1181 2731 de
1204 2667 1379 2735 Tarentinis

309 2775 372 2840 acti
405 2775 596 2839 mentionem
629 2773 706 2839 fucit
736 2774 1030 2852 Plotauchns,=·non
1049 2775 1149 2840 itant·
1173 2774 1290 2853 Liuius,
1325 2777 1382 2859 qui

308 2881 453 2969 (XXVII,
475 2882 528 2959 20,
552 2881 588 2967 9)
611 2881 689 2946 nihil
716 2880 792 2971 (licit
809 2880 889 2945 nisi:
908 2880 1026 2959 „Fabio
1055 2880 1236 2946 Tarentum>
1252 2886 1385 2966 captim·

308 2994 379 3053 satu
399 2987 507 3071 magis
520 3006 616 3070 quam
637 2987 756 3051 uirtute
770 2986 895 3069 gloriae
909 2991 1015 3050 tomen
1037 2995 1139 3063 esse..“
1177 2988 1286 3071 itaque
1308 3011 1380 3055 cum

307 3095 383 3160 item
410 3094 482 3159 ut
468 3116 506 3158 ιιι
533 3094 639 3156 catera
667 3096 758 3175 purte
789 3091 892 3156 uitae
902 3091 1090 3157 Plutarchus
1110 3097 1143 3156 et
1163 3092 1273 3159 liuius
1293 3115 1379 3161 com-

308 3201 434 3286 parati
432 3198 522 3277 ειιιι,1
533 3197 653 3263 fontem
674 3198 844 3281 utriusque
852 3197 996 3263 hocloco
1011 3197 1145 3263 eundem
1166 3198 1264 3266 time
1284 3207 1379 3354 atque

309 3313 403 3373 ιιιιιιιιι
423 3304 490 3371 uari
512 3304 702 3371 simillimum
724 3310 780 3370 est
843 3320 884 3359 ···»
1004 3339 1039 3364 ...
1128 3331 1144 3361 =

324 3450 328 3456 ·
414 3411 528 3478 Similis
557 3417 605 3476 est
630 3410 740 3475 ratio
731 3432 778 3476 ιιι
786 3410 834 3477 iis
857 3431 948 3495 quae
959 3351 1089 3477 remant
1131 3348 1379 3480 nanatiuncule-

309 3516 378 3585 rum
408 3533 486 3602 quas
515 3536 582 3603 cup
609 3516 715 3583 XXIV
743 3516 872 3584 exhnhct
899 3518 1087 3584 Plutarchus
1104 3517 1215 3586 ol-tsr'a
1233 3523 1379 3589 uniuerso

309 3624 444 3691 concinit
472 3645 543 3689 oum
568 3624 659 3689 Liuio
687 3624 802 3702 XXIV,
830 3624 884 3703 44,
913 3645 1102 3709 quamquam
1129 3638 1303 3712 perperam·
1319 3629 1390 3695 hoc·

308 3730 376 3797 loco
409 3735 540 3796 narrata
572 3734 620 3795 est
653 3750 673 3793 a
705 3729 893 3808 Plutarcho,
922 3730 1087 3814 quinium
1114 3738 1262 3814 quattuor
1290 3715 1379 3800 annis

310 3842 382 3903 ante
410 3836 580 3901 Tarentum
608 3840 735 3919 captum
761 3835 844 3901 filius
866 3827 1030 3901 consulatu
1051 3837 1177 3903 functus
1199 3845 1277 3918 erut,
1299 3840 1378 3906 slte-

308 3966 377 4010 ram
403 3944 437 4009 in
463 3942 627 4008 undecimo
655 3940 735 4007 libro
764 3941 847 4008 Liuii
874 3941 969 4007 fuisse
996 3943 1065 4007 ueri
1091 3942 1191 4008 simile
1219 3952 1276 4011 est.
1319 3970 1379 4032 pu·

307 4056 405 4136 gnant
434 4070 509 4116 uero
537 4049 621 4117 inter
649 4070 691 4127 se,
720 4047 805 4133 quod
827 4048 1061 4115 celeberrimum
1092 4050 1181 4116 illum
1211 4053 1247 4132 Q.
1284 4054 1379 4120 Fabi.

309 4179 363 4223 um
388 4156 559 4221 Maximum
593 4155 771 4220 Rullianum
803 4176 957 4239 proauum
989 4156 1155 4222 Verrucosi
1194 4158 1379 4226 Plutarchus

309 4265 395 4343 dicit,
418 4264 527 4329 Liuius
562 4285 657 4329 auum
690 4264 811 4351 (XXX,
847 4264 915 4349 26).
974 4264 1107 4330 Fabium
1147 4264 1212 4330 filio
1254 4272 1378 4334 mortuo

307 4371 523 4457 purentamsse
545 4376 581 4435 ut
602 4368 718 4454 prodat
738 4368 847 4435 Liuius
862 4374 988 4435 tuntum
1008 4369 1108 4448 abest,
1129 4375 1166 4435 ut
1186 4369 1285 4436 filium
1305 4378 1380 4456 post

306 4483 442 4545 mortem
467 4476 566 4561 patris
593 4496 741 4559 augonem
768 4475 931 4542 inlocum
962 4476 1028 4542 eius
1061 4476 1280 4560 inauguratum
1311 4498 1379 4544 esse

306 4589 416 4651 naret
443 4580 558 4671 (XXX,
588 4582 655 4668 26).
700 4581 834 4648 Fabium
861 4581 942 4646 mira
974 4603 1045 4647 cum
1077 4582 1253 4648 constantis
1283 4588 1379 4668 utque

307 4689 467 4757 offirmata
494 4687 657 4754 uoluntate
686 4686 821 4754 consiliis
855 4686 1016 4772 Scipionis,
1051 4688 1104 4772 qui
1131 4691 1257 4754 cautum
1288 4689 1380 4756 Fabii
