3417 5567
773 648 1119 717 -35ω-χ

335 866 438 951 ipsius
470 865 630 931 rinnon
665 865 879 931 sermonum
915 862 990 949 (iu,
1027 862 1182 946 νν-νι).
1227 882 1302 929 nam
1323 867 1409 947 poe

339 992 437 1055 quam
472 976 510 1035 ut
545 971 609 1037 iam
640 971 817 1037 nonninus
860 969 900 1035 de
938 968 1064 1039 aciebus
1101 969 1270 1035 instructis.
1298 990 1318 1033 a
1355 960 1409 1034 Li·

340 1079 394 1142 uio
436 1076 622 1144 dissentiens
665 1077 860 1161 eruptionem
897 1097 918 1140 a
957 1074 1108 1143 Marcelle
1151 1076 1184 1143 in
1220 1076 1325 1144 hostes
1361 1074 1410 1141 ia·

339 1190 425 1250 ctam
460 1184 604 1251 nornuit
633 1185 681 1249 ita
716 1184 834 1267 pergit:
885 1186 1045 1266 Λέγονται
1077 1180 1135 1267 γὰρ
1174 1178 1258 1266 ὑπὲρ
1296 1204 1408 1247 ποντα-

337 1291 514 1372 ιιιοχιλίονς
534 1288 725 1371 duodennio,
746 1284 989 1357 damnande*
1010 1284 1176 1371 Ῥωμαίων
1198 1284 1238 1355 οὐ
1260 1288 1410 1373 πλείονας

338 1394 362 1487 ἢ
384 1399 619 1470 πεντακοσίους.
657 1391 697 1459 ‘0
719 1393 756 1462 δὲ
777 1399 897 1480 Λίβιος
920 1390 1002 1463 οὕτω
1025 1390 1085 1477 μὲν
1108 1391 1146 1461 οὐ
1170 1394 1410 1477 διαβεβαιοῦται

337 1506 491 1586 renaudus
511 1499 652 1591 μεγάλην
673 1488 769 1591 ἧτταν
789 1498 868 1569 οὐδὲ
882 1508 991 1569 nauehu
1004 1501 1133 1583 νεκροῦς
1154 1496 1323 1577 τοσούτοις
1348 1486 1410 1565 noio

338 1610 513 1692 πολεμίαν,
533 1608 625 1682 κλέος
646 1604 684 1673 δι’
698 1610 781 1691 μέγα
794 1607 974 1693 Μαρκέλλῳ
996 1605 1049 1671 καλ
1063 1601 1231 1690 Ῥωμαίοις
1256 1604 1291 1671 ἐκ
1305 1607 1410 1673 κακῶν

337 1711 462 1801 θάρσος
488 1708 554 1781 ἀπὸ
575 1713 630 1803 nic
657 1710 763 1800 μάχης
790 1706 912 1799 ἐκεῖνος
945 1708 1317 1797 dragonariensem,
1347 1711 1408 1795 οὐχ

338 1816 383 1895 οἷς
405 1816 486 1908 πρὸς
507 1813 634 1904 ἄμαχον
656 1815 734 1885 οὐδὲ
752 1815 919 1907 diapson,
943 1814 1024 1885 ἀλλά
1045 1844 1074 1883 οι
1095 1818 1147 1885 καλ
1170 1823 1292 1887 παθεῖν
1313 1815 1406 1887 δονά-

336 1950 435 2011 μενον
453 1926 729 2008 διαγωνιζομένοις
756 1926 924 2008 πολέμιον.
971 1924 1110 2007 respexit
1144 1930 1250 1991 autem
1282 1926 1407 1993 Plutar-

337 2033 415 2099 chus
443 2032 486 2096 nd
510 2030 580 2096 Liu.
607 2029 736 2115 XXIII,v
758 2030 800 2094 16
823 2035 852 2113 ἕ.
875 2028 1021 2095 15-16ε
1045 2031 1120 2107 ,‚uix
1142 2030 1286 2115 equidem
1308 2034 1409 2100 ausim

336 2139 493 2205 affirmare
521 2136 607 2221 qued
634 2136 763 2220 quidam
796 2142 938 2204 auctores
966 2140 1040 2201 sunt
1061 2135 1124 2203 duo
1145 2137 1232 2203 milia
1253 2144 1285 2203 et
1307 2142 1407 2205 odin-

336 2250 448 2329 gentos
481 2242 618 2311 hostium
649 2259 756 2312 caesos
787 2262 851 2307 non
884 2241 954 2325 plus
987 2242 1163 2325 quingentis
1196 2243 1408 2313 Romanorum

336 2351 469 2419 amissis
508 2348 569 2415 sed
602 2349 669 2415 siue
700 2354 791 2413 tanto
818 2348 884 2413 siue
911 2347 1013 2413 minor
1039 2348 1171 2413 unctoria
1197 2348 1266 2428 sirit,
1299 2354 1407 2440 ingens

336 2480 377 2526 eo
404 2458 455 2523 die
474 2445 532 2522 ‘res
560 2476 597 2521 ac
624 2456 729 2521 nescio
750 2477 792 2522 an
816 2454 953 2521 maxima
974 2455 1028 2521 illo
1050 2454 1133 2522 bello
1154 2462 1244 2539 gesta
1265 2459 1320 2525 sit:
1344 2483 1407 2528 non

337 2565 424 2631 uinci
449 2564 532 2629 enim
559 2562 600 2646 ab
627 2563 805 2630 Hannibale
831 2561 1027 2628 undantibus
1055 2562 1209 2635 difficilius
1231 2565 1294 2633 fuit
1312 2586 1407 2652 qoam

336 2677 448 2757 postea
473 2671 630 2737 umeeref‘
655 2721 658 2728 .
679 2690 752 2746 enm
777 2670 873 2753 igitur
899 2691 940 2734 ne
958 2690 1129 2764 *caesorum
1151 2671 1278 2755 quidem
1298 2696 1407 2742 nume-

336 2800 410 2844 rum
431 2777 485 2862 qui
505 2778 540 2841 in
561 2776 672 2863 eodpm
693 2776 776 2844 Liuii
796 2776 945 2843 loooerat
960 2814 1003 2826 -
1015 2796 1117 2861 neque
1138 2798 1302 2847 numerum
1323 2784 1407 2866 apud

336 2884 463 2951 Liuium
487 2888 675 2967 corruptum
709 2903 792 2961 esse,
825 2890 1016 2966 quamquam
1047 2888 1187 2951 extrema
1218 2885 1280 2951 loci
1310 2889 1407 2955 uerba

337 2994 486 3075 corrupta
507 3002 574 3056 osse
594 2990 658 3055 iam
679 2988 798 3054 dudum
821 2988 979 3071 cognitum
1001 2991 1058 3065 est,
1080 2988 1146 3056 ulla
1158 2982 1333 3061 ostensa
1352 3016 1408 3061 our
1467 3060 1474 3076 ,

336 3098 530 3182 suspicemur
551 3133 594 3143 —
626 3096 781 3180 receperit
801 3094 997 3171 Plutarchus,
1025 3099 1115 3179 patet
1140 3114 1164 3167 ‚a
1188 3096 1279 3165 Liuio
1308 3098 1407 3167 solam

336 3204 425 3271 illam
451 3203 638 3270 sententiam
663 3186 796 3287 petitam
822 3221 900 3278 esse,
928 3220 1091 3269 oaesoruun
1117 3207 1223 3269 autem
1244 3222 1407 3273 numerum

336 3333 401 3378 non
431 3311 534 3375 minus
566 3313 662 3393 quani
693 3315 830 3375 ceteram
854 3308 903 3375 rei
924 3313 1030 3391 gestae
1052 3309 1262 3377 narrationem
1284 3332 1323 3377 ex
1344 3314 1407 3380 alio

335 3417 424 3483 fonte
445 3420 573 3500 sumpta
593 3435 672 3480 esse.
727 3435 765 3481 ae
796 3414 879 3479 Liuii
906 3414 1004 3483 uerba
1025 3434 1065 3479 ne
1086 3415 1266 3498 inspexisse
1281 3418 1407 3501 quidem

337 3541 410 3590 oum
430 3524 534 3590 locum
561 3524 650 3589 illum
671 3523 795 3606 scripsit
817 3520 874 3587 sed
896 3542 935 3587 ex
956 3522 1104 3595 memoria
1125 3522 1297 3593 reddidisse
1319 3526 1407 3593 uide-

336 3634 391 3695 tur
412 3628 608 3707 Plutarchus,
631 3628 707 3713 qnia
720 3649 832 3712 parum
847 3633 992 3693 murato
1008 3628 1074 3693 eius
1096 3629 1284 3697 sententiam
1304 3636 1407 3697 trans·

336 3735 421 3813 tulit,
443 3735 510 3801 alia
528 3735 659 3814 addidit,
675 3736 738 3801 aha
758 3735 896 3800 inuertit.
919 3735 1042 3801 etiamsi
1057 3739 1198 3801 extrema
1213 3736 1295 3801 Liuii
1310 3737 1408 3805 uerba

336 3862 402 3907 non
422 3842 488 3908 iam
508 3842 631 3925 integra
651 3847 735 3919 sunt,
756 3847 864 3909 tamen
886 3861 982 3925 quam
1003 3842 1190 3935 sententiam
1211 3844 1408 3926 proposuerit

336 3946 446 4016 liuius
467 3968 531 4013 non
551 3953 657 4031 potest
670 3946 799 4014 dubium
813 3966 889 4013 esse.
935 3953 1002 4013 erat
1023 3947 1088 4017 fere
1108 3948 1196 4014 telis:
1219 3970 1302 4025 „non
1324 3951 1408 4017 unni

336 4054 421 4122 enim
435 4053 477 4120 ab
491 4053 670 4119 Hannibale
679 4052 821 4142 uincelre
836 4051 1045 4141 discelntibus
1061 4046 1218 4121 difficilius
1233 4054 1293 4119 fuit
1310 4078 1405 4139 quam

335 4164 447 4246 postca
469 4160 631 4239 uineae,“
659 4161 741 4225 sieut
766 4158 959 4242 Madwigiun
987 4160 1106 4227 emend
1130 4160 1202 4225 ·Liu
1231 4182 1302 4245 pag.
1332 4164 1407 4240 262,

337 4286 387 4333 aar.
403 4266 424 4330 2
438 4266 611 4349 proposuit.
634 4265 675 4332 ab
704 4285 768 4349 qua
788 4263 958 4348 plurimum
979 4264 1096 4331 distare
1119 4285 1201 4348 quae
1221 4263 1408 4333 Plutarchus

337 4370 468 4439 exhibet-
485 4370 684 4437 manifestum
705 4376 761 4437 est.
789 4408 834 4419 --
855 4389 957 4453 neque
985 4371 1084 4454 magis
1105 4370 1268 4455 Polybium
1289 4372 1408 4439 fontem

335 4476 498 4548 Plutarchi
523 4476 629 4556 fidae,
657 4497 848 4562 quamquam
875 4477 977 4562 ipsum
999 4476 1109 4541 dehis
1131 4475 1224 4541 rebus
1248 4479 1408 4551 consulere

336 4583 427 4657 nobis
455 4604 520 4649 non
548 4583 631 4663 licet,
653 4582 855 4657 hauddubie
878 4582 1034 4666 colligitur
1055 4602 1094 4650 ex
1116 4602 1154 4651 ec
1177 4582 1261 4666 quod
1283 4584 1407 4649 Plutar-

337 4690 413 4761 chus
443 4689 559 4755 iustam
586 4688 671 4775 apud
699 4688 814 4758 Nolam
835 4687 1001 4759 uictoriam
1021 4688 1202 4755 Marcellum
1225 4687 1264 4753 de
1287 4690 1406 4757 Hanni-

1166 4796 1195 4848 3,
1374 4807 1378 4813 .
