3417 5567
613 630 957 697 1-44-

314 842 396 907 inter
410 862 443 911 se
459 842 644 911 coniunctae
659 850 772 923 essent,
796 864 850 911 eos
868 844 1047 912 adhibuisse
1068 844 1153 910 erudi
1167 845 1276 929 possit,
1290 844 1385 911 Fabi-

312 970 366 1015 um
387 946 544 1017 Pictorem
571 934 678 1015 01110111
705 949 788 1015 Liuii
816 949 936 1044 fontem
963 949 1076 1015 saltem
1103 950 1136 1015 in
1157 951 1241 1017 bello
1262 951 1386 1018 Gallico

312 1054 471 1121 narrando
493 1056 589 1123 fuisse
610 1055 863 1141 probauerimus‚'
880 1056 968 1122 nulla
990 1057 1203 1123 controuersia
1223 1057 1315 1123 nobis
1335 1059 1386 1123 ui·

313 1160 404 1227 detur
426 1182 494 1229 esee
517 1162 593 1245 quin
615 1182 715 1249 aeque
737 1168 833 1246 atque
856 1166 950 1229 antea
972 1163 1087 1239 omnia,
1109 1184 1190 1247 quae
1205 1171 1388 1248 congruunt

312 1272 368 1333 aut
393 1268 475 1333 inter
497 1268 700 1335 Plutarchum
728 1274 762 1334 01
789 1268 915 1335 Liuium
942 1274 999 1334 aut
1025 1270 1108 1334 inter
1129 1269 1330 1336 Plutarchum
1354 1277 1388 1335 01

312 1374 485 1459 Polybium,
509 1390 526 1441 0
550 1374 586 1453 Q.
609 1374 700 1441 Fabii
722 1375 854 1441 Pictoris
877 1375 1042 1442 annalibus
1064 1376 1269 1441 manauerint
1313 1376 1387 1441 huic

312 1500 390 1545 uero
416 1501 519 1547 10111111
545 1481 718 1547 narrationi
746 1503 763 1547 0
791 1481 890 1547 Fabio
911 1481 1036 1547 Pictore
1056 1481 1240 1567 desumptae
1261 1482 1387 1547 Plutar-

314 1586 390 1653 chus
411 1586 589 1671 ubicunque
612 1587 733 1653 occasio
757 1587 832 1653 data
854 1592 904 1653 est
925 1608 963 1655 ao
977 1588 1101 1671 saepius
1123 1588 1214 1653 utin
1235 1588 1304 1653 nita
1324 1589 1386 1653 Fa-

312 1692 356 1759 bii
378 1693 507 1759 Maximi
529 1696 778 1761 narratiunculas
801 1695 842 1761 ad
870 1715 972 1760 mores
993 1694 1134 1761 Marcelli
1155 1694 1387 1761 adumbrandos

313 1805 346 1865 et
367 1820 417 1865 res
439 1799 482 1865 ad
511 1802 714 1885 antiqnitates
742 1807 921 1886 spectantes
947 1822 988 1867 ex
1010 1802 1106 1867 uariis
1128 1800 1306 1882 auctoribus
1327 1801 1387 1865 im·

313 1906 445 1973 miscuit.
481 1944 484 1951 ,

420 2011 537 2078 Contra
563 2014 645 2079 bano
673 2015 862 2095 sententiam
890 2034 954 2079 non
982 2032 1127 2078 ueremur
1148 2013 1286 2096 nequis
1303 2011 1389 2077 dicat

313 2117 446 2185 Fabium
467 2119 623 2185 Pictorem
644 2118 746 2204 neque
768 2141 789 2186 a
810 2119 979 2185 Plutarcho
1000 2120 1034 2184 in
1055 2119 1105 2184 his
1126 2119 1201 2183 uitis
1222 2139 1325 2203 neque
1345 2117 1388 2184 ab

313 2224 378 2291 ullo
400 2231 527 2291 auctore
548 2230 622 2310 post
642 2247 780 2310 pugnam
802 2224 998 2291 Cannensem
1018 2224 1182 2290 laudatum
1204 2244 1281 2289 esse.
1314 2244 1389 2291 nam

314 2334 436 2397 ueteres
458 2351 522 2396 non
544 2330 653 2399 eadem
676 2352 751 2397 cura
778 2336 874 2415 etque
902 2330 1002 2396 nostri
1024 2329 1176 2414 quidquid
1198 2349 1239 2394 ex
1259 2336 1388 2396 auctore

315 2436 422 2520 aliquo
443 2439 595 2522 petebant
615 2438 741 2505 nomine
756 2439 822 2504 eius
838 2439 983 2523 apposito
993 2436 1231 2524 profitebantur,
1253 2436 1309 2502 sed
1330 2458 1387 2501 au-

316 2548 417 2609 ctores
445 2546 606 2611 nominare
633 2565 698 2611 non
726 2546 869 2612 solebant
896 2545 958 2610 nisi
978 2544 1100 2609 uariam
1120 2544 1166 2609 rei
1188 2543 1388 2609 0110010110-

209 2726 214 2733 ,
315 2672 400 2717 mam
422 2672 490 2718 esse
517 2652 811 2718 animaduertebant
833 2658 891 2718 aut
912 2653 1069 2736 singulare
1090 2649 1243 2735 quiddam
1264 2670 1304 2713 ex
1326 2648 1389 2713 alio

316 2763 443 2825 auctore
469 2758 592 2825 edicere
614 2760 772 2825 uolebant.
798 2761 845 2826 ite
853 2759 1217 2834 baudrarofactumest,
1238 2763 1389 2821 11111000-

315 2885 385 2931 111111
397 2865 524 2952 quidem
532 2871 695 2931 auctorum
707 2888 839 2951 quorum
852 2866 1050 2951 potissimum
1062 2864 1280 2930 auctoritatem
1292 2862 1390 2926 secuti

317 2974 390 3035 sunt
416 2971 544 3037 nomina
571 2970 732 3038 adderent.
776 2977 873 3057 atque
900 2978 936 3037 ut
963 2972 997 3037 111
1023 2971 1138 3036 nostris
1162 2968 1238 3033 uitis
1263 2967 1390 3033 Plutar-

317 3077 409 3143 chum
436 3077 570 3144 Fabium
596 3078 752 3144 Pictorem
781 3078 934 3144 celauisse
960 3075 1107 3153 uidimus,
1135 3077 1181 3140 ita
1202 3067 1390 3139 totam‘fere

318 3185 417 3251 uitam
444 3184 624 3251 Publicolae
651 3207 669 3251 e
696 3186 823 3252 Valerio
852 3184 982 3251 Antiate
1010 3188 1190 3268 excerptam
1216 3202 1285 3247 esse
1306 3182 1394 3247 nulla

318 3420 342 3462 s.
365 3398 386 3462 l.
408 3419 479 3482 pag.
503 3399 555 3464 24.
589 3420 691 3483 neque
713 3400 813 3481 magis
838 3418 885 3463 011·
900 3418 938 3462 00
960 3396 1046 3481 quod
1068 3394 1111 3461 ad
1133 3394 1268 3461 Fabium
1288 3393 1393 3459 Picto-

200 3566 205 3573 .
318 3524 385 3569 rem
412 3510 486 3588 post
511 3526 650 3589 pugnam
677 3504 762 3589 apud
798 3503 1047 3569 Trasumennum
1079 3499 1277 3568 commissam
1309 3499 1393 3586 (niu.

192 3649 194 3657 ·
319 3610 420 3689 XXlL
451 3610 485 3695 7)
514 3615 547 3675 01
576 3609 771 3677 Cannensem
797 3616 934 3694 stragem
962 3609 1056 3696 (App.
1084 3608 1187 3672 Hann.
1216 3606 1275 3691 27)
1302 3625 1394 3671 nemo

319 3716 505 3801 prouocauit
527 3716 629 3800 colligi
651 3716 755 3794 debet,
778 3722 815 3781 111
832 3715 961 3780 uoluere
976 3713 1114 3798 quidam,
1137 3733 1209 3778 eum
1229 3712 1314 3778 ultra
1334 3734 1394 3797 pu·

319 3844 413 3906 gnam
442 3821 635 3888 Cannensem
661 3822 825 3889 historiam
854 3843 944 3888 suam
969 3841 1034 3885 non
1061 3818 1255 3903 produxisse.
1298 3819 1395 3885 immo

319 3931 388 3996 ueri
419 3928 610 4017 simillimum
643 3934 691 3995 est
723 3928 857 3994 Fabium
887 3927 1058 4003 Pictorem,
1097 3925 1151 4009 qui
1182 3924 1268 3989 haud
1301 3923 1395 3991 dubie

320 4035 490 4121 grandibus
522 4033 597 4100 belli
618 4034 817 4101 Hannibalici
843 4033 967 4099 casibus
988 4032 1142 4097 excitatus
1170 4030 1212 4095 ad
1232 4030 1395 4097 historiam

321 4142 496 4207 Romanam
516 4141 615 4207 literis
638 4140 849 4207 mandandam
871 4160 939 4204 seeo
954 4137 1099 4216 accinxit,
1120 4136 1183 4202 hoo
1202 4136 1306 4220 ipsum
1327 4134 1395 4202 bel-

322 4248 388 4314 lum
411 4246 559 4332 singulari
582 4268 653 4315 cum
679 4246 842 4329 diligentia
862 4242 1072 4311 enarrandum
1093 4241 1153 4309 sibi
1174 4241 1351 4327 sumpsisse.
