3417 5567
748 647 1037 745 -ar-l

317 855 480 943 Appianus
509 856 626 945 (Hann
649 859 708 944 24)
736 860 878 925 narrauit
901 861 1025 949 equits
1054 860 1212 927 Romanm
1232 863 1286 950 qui
1308 863 1390 928 chao

310 962 486 1032 ‘homilium
515 965 650 1031 Paulum
678 971 801 1044 essent·
826 986 996 1031 craneum
1023 968 1112 1049 graui
1136 962 1279 1033 uulnere
1293 964 1390 1035 ictum

319 1090 360 1135 ex
387 1090 468 1157 oqno
496 1070 693 1138 delabentem
716 1072 870 1151 uiderent,
893 1074 1059 1157 opinantes
1081 1073 1123 1138 ad
1143 1072 1239 1158 podes
1261 1074 1390 1140 descon-

318 1174 392 1241 dere
413 1160 539 1242 iussisse
567 1178 729 1246 consulem
750 1178 915 1245 desiluisse·
935 1199 974 1243 ex
998 1179 1084 1267 equis
1107 1199 1145 1245 ao
1169 1178 1299 1264 pedibus
1312 1200 1391 1246 vcunr

317 1282 409 1348 hoste
434 1304 590 1367 pugnasse
618 1284 706 1349 addit
733 1284 817 1363 XVI,
848 1285 908 1349 28:
939 1281 1016 1352 idolo
1038 1281 1088 1353 δ’ὁ
1107 1284 1244 1371 Ἀννίβας
1272 1284 1389 1367 »Τοῦτ’

318 1386 381 1477 ἔφη
404 1390 528 1471 μᾶλλον
547 1388 736 1479 ἠβουλόμην
760 1388 830 1480 ἢεί
846 1394 1036 1475 δεδεμένους
1057 1392 1274 1479 πορέλαβον.“
1302 1388 1391 1458 Ἀλλὰ

317 1497 415 1561 ταῦτα
434 1493 498 1579 μὲν
520 1498 552 1562 οἱ
573 1493 627 1573 τὰς
656 1494 830 1581 διεξοδικὰς
851 1494 1036 1585 ’γράψαντες
1058 1499 1194 1587 ἱστορίας
1216 1498 1389 1586 παρηγγέλ-

317 1619 399 1667 κοσο.
445 1602 575 1696 opponit
601 1604 697 1687 igitur
723 1604 752 1669 oi
780 1624 874 1691 quem
906 1604 1103 1687 potissimum
1137 1601 1252 1668 ducem
1278 1602 1390 1669 habuit

318 1707 456 1773 alterum
478 1714 638 1775 auctorem
660 1731 792 1799 eumque
812 1710 1021 1795 prolixiorem.
1066 1710 1130 1775 iam
1149 1731 1231 1775 uero
1257 1709 1390 1778 Fabium

317 1814 477 1879 Pictorem
502 1801 686 1899 primarium
716 1816 869 1883 habentes
904 1822 1064 1883 auctorem
1092 1802 1161 1905 quis
1188 1816 1284 1881 iirerit
1302 1816 1391 1884 alter

317 1925 428 1985 auctor
452 1942 515 1985 non
536 1920 665 1987 difficile
687 1928 736 1990 ost
757 1924 799 1987 ad
828 1922 1048 2007 indagandum.
1092 1944 1167 1989 nam
1188 1944 1258 1987 cum
1280 1922 1390 1989 eadem

317 2026 417 2091 uerba
438 2025 623 2093 Hannibalis
645 2028 731 2113 apud
752 2029 879 2095 Liuium
901 2028 1018 2115 (XXII,
1039 2028 1094 2107 49,
1117 2030 1153 2114 3)
1175 2029 1388 2095 inueniuntur:
1473 2012 1474 2017 ἵ

317 2137 407 2211 „tum
434 2132 631 2225 denuntianti
659 2134 782 2201 cuidam
815 2136 941 2201 iussisse
975 2135 1132 2221 consulem
1155 2135 1196 2203 ud
1215 2134 1311 2219 pedes
1333 2136 1388 2203 de-

317 2238 467 2305 scendere
489 2240 621 2328 equites,
643 2240 759 2309 dixisse
780 2241 993 2308 Hannibalem
1014 2239 1128 2319 ferunt,
1148 2262 1243 2329 quam
1263 2229 1390 2311 mallem

316 2346 440 2411 uinctos
467 2345 544 2411 mihi
571 2345 743 2427 traderet‚“
771 2347 827 2411 uix
855 2346 994 2413 dubitari
1020 2367 1111 2431 posse
1137 2352 1285 2431 putamus
1314 2350 1389 2439 quin

315 2453 419 2537 ipsum
440 2452 566 2518 Liuimu
585 2452 647 2517 illis
668 2450 772 2518 uerbis
794 2452 1002 2537 designauerit
1023 2452 1219 2519 Plutarchus.
1272 2475 1310 2521 ac
1331 2477 1388 2521 suo

315 2558 384 2625 iure
410 2559 493 2624 Liuii
518 2560 681 2625 historiam
706 2559 907 2643 prolixiorem
923 2558 956 2644 ²⁸)
983 2560 1195 2647 subsequam
1217 2559 1308 2627 Fabii
1332 2561 1386 2627 Pi·

316 2667 412 2733 ctoris
434 2664 564 2732 annales
585 2666 690 2731 dicere
709 2666 821 2749 potuit.
866 2686 967 2754 neque
993 2666 1087 2733 aliter
1106 2667 1140 2731 in
1161 2667 1228 2732 uita
1248 2668 1389 2735 Marcelli

315 2773 490 2839 narrationi
518 2793 594 2837 suao
623 2772 838 2839 memorabilia
866 2772 1021 2861 quaedam
1041 2770 1139 2838 uerba
1160 2773 1244 2839 Liuii
1264 2776 1389 2841 nomine
1466 2758 1470 2783 ¹

316 2880 384 2945 eius
406 2881 550 2965 apposita
573 2879 725 2944 annemrit
746 2878 799 2965 (cf.
822 2878 918 2943 Marc.
942 2878 998 2956 XI,
1021 2880 1081 2956 223
1113 2878 1226 2959 XXIV,
1249 2881 1317 2965 20).
1361 2882 1388 2947 si

315 3006 392 3053 uero
412 3001 478 3051 non
498 2982 632 3052 Fabium
653 2985 708 3051 sed
730 2984 855 3051 Liuium
877 2982 1060 3070 primarium
1082 2991 1240 3052 auctorem
1263 2978 1387 3055 Plutar-
1484 2979 1488 2985 ’

317 3095 370 3160 chi
395 3093 501 3158 lhisse·
519 3092 660 3177 posueris
682 3091 944 3180 quemadmodum
965 3092 1063 3158 uerba
1084 3093 1139 3158 illa
1160 3093 1387 3179 interpretabe-

315 3200 381 3265 ris?
425 3220 500 3264 nam
527 3220 583 3264 eur
608 3204 646 3263 ut
672 3205 778 3264 cetera
804 3220 868 3264 non
889 3199 966 3263 item
988 3196 1106 3264 dictum
1127 3198 1205 3263 illud
1227 3198 1312 3287 quod
1332 3199 1387 3275 iis-

316 3309 389 3374 dem
416 3306 521 3373 nerbis
548 3305 658 3371 Liuius
688 3303 816 3372 exhibet
843 3318 892 3371 ex'
911 3326 949 3371 eo
970 3304 1127 3390 petiuerit,
1150 3305 1206 3371 sed
1227 3306 1269 3371 ad
1291 3306 1387 3373 alium

207 3443 213 3457 =
315 3418 475 3480 auctorem
495 3412 715 3499 prouocauon't
735 3434 799 3477 non
820 3398 1019 3496 intellegitur.
1070 3416 1165 3499 atquo
1188 3413 1257 3500 quis
1279 3404 1389 3479 auctor

315 3520 450 3607 amplius
480 3540 576 3607 quam
613 3516 723 3584 Liuius
755 3517 873 3585 bellum
906 3514 1148 3584 Hanmbalicum
1180 3520 1387 3603 exposuerat?
1487 3522 1491 3532 '

314 3629 422 3714 itaque
449 3624 662 3691 existimaram
696 3625 792 3705 otium
819 3625 902 3689 hunc
930 3624 1033 3691 locum
1060 3628 1187 3691 nostrae
1215 3625 1387 3691 sententiae

421 4000 445 4064 'l
464 4000 618 4066 Quamquam
635 4015 683 4051 non
700 4001 781 4050 miuus
799 4002 860 4065 quot
877 3996 946 4049 libris
964 3999 1089 4049 historiam
1108 4011 1178 4048 suam
1193 3992 1386 4060 comprehende-

313 4092 347 4141 n't
369 4088 462 4140 Fabius
483 4088 570 4140 Pictor
590 4101 666 4153 quam
688 4086 721 4139 ad
745 4102 819 4153 quem
841 4102 933 4138 annum
956 4102 1011 4137 earn
1033 4072 1180 4152 produxerit
1196 4086 1320 4135 incertum
1343 4088 1387 4145 est,
1424 4113 1429 4121 -

281 4232 284 4235 ,
314 4183 397 4231 tamen
414 4192 480 4236 enm,
503 4178 547 4243 qui
563 4176 680 4241 princepe
696 4175 862 4225 Romanmum
880 4174 913 4225 ad
935 4188 975 4226 res
999 4173 1190 4226 conscribendas
1208 4174 1320 4232 accessit,
1338 4188 1387 4223 non

315 4271 366 4320 tam
382 4264 507 4332 prolixam
523 4264 651 4315 mabam
668 4260 777 4314 edidisse
795 4276 871 4329 qnam
881 4262 989 4319 Liuium.
1008 4264 1049 4314 oni
1066 4264 1101 4313 tot
1118 4266 1143 4315 at
1159 4265 1209 4311 tarn
1227 4261 1292 4311 narii
1309 4274 1388 4311 anna-

313 4353 353 4407 les
372 4357 471 4420 praesto
493 4347 565 4404 erant
585 4355 611 4402 ot
632 4353 677 4419 qui
699 4349 732 4401 de
749 4364 799 4402 nno
817 4348 884 4402 bello
902 4350 1070 4403 Hannibalico
1088 4349 1174 4401 decem
1192 4346 1268 4399 libros
1287 4362 1386 4413 compo-

314 4445 374 4504 snia
398 4456 455 4494 cnm
476 4455 518 4493 roo
539 4444 595 4508 ipsa
612 4441 685 4493 docet
702 4444 754 4493 torn
770 4442 874 4493 testator
891 4440 967 4492 locus*
978 4440 1080 4507 quidam
1096 4436 1179 4496 Gellii,
1196 4436 1267 4489 iicet·⁸
1286 4434 1337 4487 att
1355 4435 1386 4493 V,

314 4534 340 4593 4,
357 4547 373 4583 c
392 4545 442 4599 quo
459 4532 608 4597 perspicitur
625 4544 691 4597 qnae
702 4530 768 4581 Liuii
779 4529 843 4581 libro
855 4533 925 4581 sexto
944 4530 1101 4581 continentur
1117 4540 1148 4577 aa
1166 4528 1192 4577 in
1209 4524 1281 4577 Fabii
1301 4526 1387 4591 quarto

314 4621 455 4686 conscripto
475 4618 561 4671 inissa
611 4622 745 4685 utrumqne
772 4621 854 4670 autern
887 4633 902 4668 a
929 4616 1069 4684 primordiis
1089 4613 1159 4666 urbis
1180 4614 1276 4664 initium
1297 4611 1388 4662 fecisse

314 4724 386 4762 nemo
404 4710 509 4773 ignorat.
1255 4706 1257 4713 ’
