3417 5567
757 627 978 694 „37-

328 840 489 925 guandm
511 838 711 907 Archimedes
733 840 776 906 ed
797 840 1027 909 defendendam
1048 842 1159 909 mbem
1178 843 1404 921 instruxerunt,

329 946 514 1031 plerumque
545 952 613 1011 tam
645 951 693 1011 est
725 946 844 1025 similis,
880 954 918 1014 ut
943 948 1075 1016 uutisse
1096 948 1405 1033 IiuiumPolybimn

331 1057 433 1135 putes.
476 1051 569 1117 nimis
597 1070 674 1117 uero
701 1067 753 1117 res
770 1053 990 1137 'perstringere
1018 1055 1147 1122 studens
1168 1054 1324 1145 quasdam
1346 1054 1404 1121 ob

330 1157 471 1223 seurauit
498 1163 555 1223 aut
581 1157 712 1223 inuertit
732 1158 850 1240 Liuius,
873 1161 1008 1244 impetus
1029 1166 1122 1227 ndote
1144 1183 1164 1227 u
1186 1160 1335 1227 Mmeello
1355 1160 1404 1225 ia—

330 1263 375 1328 cti
405 1264 526 1329 nullam
557 1265 747 1329 mentionem
777 1265 861 1332 iecit.
915 1273 1048 1332 etcum
1069 1266 1297 1345 sambucarum,
1325 1287 1404 1350 quas

328 1369 444 1435 iunctis
472 1369 553 1435 binis
582 1370 855 1453 quinqueremibus
882 1372 1046 1456 impositus
1074 1392 1144 1437 esse
1172 1373 1403 1439 accuratissime

327 1474 497 1559 desumpsit
522 1476 687 1561 Polybius,
715 1478 834 1545 nullom
862 1479 1051 1544 mentionem
1077 1479 1187 1548 sceui
1207 1480 1326 1557 Limus,
1348 1478 1404 1545 sed

330 1586 432 1647 tumes
446 1582 664 1673 contabulatas
678 1584 991 1670 machinamentaque
1006 1583 1070 1650 ulia
1083 1586 1116 1651 in
1127 1572 1337 1653 illis'nauibus
1348 1606 1403 1651 ex-
1461 1628 1468 1637 -

330 1693 452 1753 mmcta
473 1708 542 1755 esse
563 1689 746 1774 prodiderit,
767 1711 841 1756 eum
853 1697 981 1775 praeter
1004 1691 1169 1777 Polybium
1189 1691 1325 1759 alterum
1344 1714 1403 1758 au⁶

328 1800 451 1861 ctorem
472 1796 664 1861 consuluisse
686 1818 810 1862 necesse
833 1802 882 1862 est
902 1803 940 1863 ut
960 1798 1182 1865 emshmemus
1210 1800 1299 1865 item
1321 1818 1404 1883 quse

327 1906 452 1967 restant
473 1903 611 1987 quinque
632 1902 809 1987 bagnone
828 1903 951 1988 Polybii
972 1903 1075 1990 (VHI,
1096 1905 1155 1982 363
1178 1906 1237 1990 37)
1258 1904 1402 1989 quamuis

329 2010 394 2075 sint
425 2009 538 2093 exigua
566 2014 722 2079 testantur
749 2010 846 2075 etiam
872 2010 907 2075 iu
927 2011 1159 2094 expugnatione
1179 2009 1403 2096 Syracusarum

328 2115 534 2181 describenda
560 2115 687 2181 Liuium
706 2115 829 2202 Polybii
856 2117 992 2200 uestigia
1014 2117 1178 2205 pressisse
1217 2138 1298 2201 quse
1332 2136 1403 2181 cum

328 2221 376 2287 ite
404 2223 468 2287 sint
496 2222 622 2288 omnino
642 2222 677 2287 in
699 2222 793 2288 rebus
813 2221 927 2288 Siculis
948 2221 1115 2288 narrandis
1135 2222 1261 2288 Liuium
1281 2222 1404 2307 Polybii

327 2329 550 2395 anctomtutem
577 2333 818 2407 secutumcsse,
846 2351 922 2396 raro
940 2331 1094 2394 alterum·
1109 2336 1268 2395 amtorem
1291 2348 1402 2395 cousu-

327 2434 424 2501 luisse
451 2435 614 2519 probabile
641 2441 697 2501 est.
726 2472 769 2483 —
797 2439 897 2520 atque'
922 2438 1019 2502 etism
1045 2440 1128 2520 qu'at
1154 2436 1341 2503 Plutarchus
1363 2436 1403 2503 de

328 2540 422 2607 rebus
455 2541 565 2609 Siculis
599 2544 743 2627 exposuit
775 2561 846 2609 oum
867 2543 938 2614 ‚hac
962 2544 1137 2628 Polybiane
1152 2543 1342 2610 =uarrstioue
1369 2546 1402 2609 in

328 2648 510 2714 uniuersum
537 2655 728 2733 congruunt,
756 2655 796 2714 ut
818 2650 916 2738 nulle
935 2649 1312 2734 sit'controuersiaquin
1331 2652 1402 2724 uin·

328 2754 400 2819 culo
428 2754 566 2838 quodam
592 2756 791 2821 cohaereant.
804 2776 877 2821 cum
899 2775 945 2820 ea.
989 2755 1207 2821 similitudines
1230 2778 1305 2822 uero
1324 2774 1403 2823 num

326 2883 368 2929 ex
389 2862 532 2928 adhibito
555 2863 685 2949 Polybio
705 2884 749 2929 an
778 2884 795 2928 e
817 2862 909 2929 Liuio
930 2883 972 2927 au
995 2883 1013 2927 o
1035 2863 1191 2929 communi
1212 2867 1247 2927 et
1267 2883 1288 2927 a
1308 2863 1402 2946 Poly·

328 2967 390 3033 bio.
413 2974 447 3034 et
483 2989 502 3032 a
541 2968 710 3034 Plutarcho
743 2968 895 3053 usurpato
925 2969 1015 3036 fonte
1046 2968 1195 3034 fluxu-int
1222 2967 1402 3052 diligentius

328 3073 542 3158 quaerendum
563 3080 619 3141 est.
663 3094 702 3139 sc
724 3074 848 3140 Liuium
867 3070 1179 3158 quidemPlutarchi
1199 3075 1318 3142 fontem
1337 3096 1402 3154 non

327 3180 423 3247 luisse
446 3187 565 3247 certum
588 3187 645 3247 ost
688 3201 763 3247 nam
782 3186 821 3246 ut
842 3182 1023 3248 omittemus
1045 3180 1211 3247 dicere'de
1233 3180 1402 3258 leuioribus

326 3288 546 3373 &crepantis
574 3288 615 3376 de
645 3307 693 3366 eo,
724 3286 815 3372 quod.
838 3288 947 3353 liuius
979 3288 1076 3353 olium
1095 3292 1257 3355 meterem
1278 3294 1403 3355 secutus

327 3395 421 3461 aliter
447 3416 487 3459 ao
513 3392 660 3480 Polybius
689 3394 842 3480 exposuit,
870 3396 1059 3462 Plutarchus
1075 3395 1154 3461 iacit
1177 3416 1251 3461 cum
1270 3396 1402 3482 Polybio

327 3508 425 3586 atque
446 3502 574 3568 exhibet
595 3502 638 3580 id,
662 3503 746 3587 quod
767 3500 879 3568 Liuius
897 3502 1119 3588 praetermisit,
1142 3502 1284 3586 pluribus
1303 3522 1401 3586 agens

326 3607 368 3702 de
389 3608 539 3674 sambuca
560 3614 595 3674 at
616 3609 658 3674 do
676 3610 797 3693 impetu
819 3616 912 3675 noete
933 3630 954 3674 a
975 3605 1124 3674 Marcello
1143 3614 1299 3692 smcepto.
1343 3629 1401 3694 pa·

324 3720 377 3781 tet
405 3714 625 3780 Plutarchum*
645 3702 773 3800 propius
805 3714 974 3781 accedere
989 3713 1031 3780 sd
1062 3714 1235 3799 Polybium
1278 3714 1336 3781 sed
1360 3736 1402 3783 ne

327 3840 366 3887 eo
388 3817 514 3904 quidem
541 3841 617 3885 usus
635 3825 693 3887 est.
737 3822 817 3887 naui
834 3820 878 3887 sd
894 3826 1057 3885 externum
1076 3820 1214 3903 speciem
1234 3820 1402 3906 respiciens

327 3926 446 3995 unllam
466 3928 603 4012 reperies
623 3933 683 3994 aut
701 3927 845 3994 debonis
861 3932 918 3993 aut
928 3926 1143 4012 dispositionis
1157 3926 1400 4007 similitudimm

328 4034 414 4120 quod
436 4054 511 4099 sane
534 4034 647 4100 mirum
669 4040 760 4112 esset,
784 4034 811 4099 si
825 4034 1029 4119 praecipuum
1042 4037 1202 4100 auctorem
1215 4034 1401 4103 Plutarchus

326 4141 489 4211 intumet
502 4140 674 4226 Polybium
704 4147 800 4225 atque
815 4145 958 4225 puguant
975 4137 1071 4206 etiam
1084 4140 1167 4205 inter
1181 4160 1225 4218 se,
1241 4160 1312 4207 uum
1325 4140 1400 4207 Plu·

326 4248 455 4315 tarchus
470 4247 576 4331 prodit
591 4247 774 4313 Marcellum
788 4252 860 4313 ueto
875 4247 1114 4330 quinquoeemes
1128 4266 1317 4329 unomagno
1327 4246 1401 4331 iugo

325 4354 489 4438 colligasse
502 4354 536 4417 in
550 4351 1153 4441 eoquessmbuusmensbuxisse·(XIV‚
1176 4351 1230 4429 173
1246 4350 1315 4431 XV,
1332 4353 1400 4437 la),

326 4460 473 4547 Polybius
487 4464 594 4524 autem
608 4456 743 4523 dilucide
765 4458 908 4543 explicat
921 4463 994 4524 uoto
1017 4457 1285 4546 quinqueremium
1299 4458 1399 4536 binae,

326 4568 418 4637 alteri
434 4566 533 4633 «remis
550 4564 674 4631 deubis
693 4564 786 4630 alteri
805 4564 940 4633 sinistris
961 4564 1098 4649 demptis
1117 4563 1272 4652 nudisque
1291 4562 1400 4629 lateri·

326 4673 388 4741 bna
414 4670 580 4757 0⁰qu
607 4670 740 4756 ungulis
765 4670 922 4738 sambucis
942 4672 1112 4738 instructas
1135 4691 1173 4736 ac
1195 4670 1284 4736 uelut
1303 4688 1400 4735 unum
