3417 5567
438 1561 716 1683 usstass
737 1613 836 1682 css
857 1615 1007 1683 nuans
1049 1635 1180 1685 naun
1199 1566 1400 1684 sumnum

329 1722 362 1789 in
384 1718 595 1789 describendis
617 1720 691 1789 uitis
713 1740 821 1809 comm
842 1722 990 1799 phorum,
1013 1720 1154 1805 quinon
1174 1721 1268 1789 modo
1288 1721 1400 1791 Mam
1503 1727 1506 1735 '

328 1828 521 1913 temporibus
550 1828 697 1901 manat
728 1826 784 1895 sco
802 1828 907 1895 etiarn
926 1827 1039 1895 iisdem
1060 1826 1152 1896 bellis
1182 1827 1399 1913 intermsmnt,

328 1936 383 2019 qni
396 1955 454 2019 par
466 1933 583 2002 multos
594 1954 697 2001 annos·
714 1938 772 1999 aot
793 1932 904 2001 eodem
924 1938 1143 2018 tempora-ast
1162 1927 1292 2001 alternis
1307 1955 1399 2003 sim·

327 2062 415 2107 mum
440 2040 605 2124 imperium
632 2038 824 2123 reipublicae
856 2040 1000 2117 maximis
1019 2040 1175 2124 periculis
1204 2050 1331 2124 prosuae
1363 2060 1401 2108 ac

326 2147 520 2239 grnrrissimis
548 2145 695 2216 cladibus
709 2156 887 2214 -onncussae
906 2144 1175 2215 -cdmhsunbnnt
1205 2149 1242 2212 ct
1269 2165 1402 2228 quorsus

327 2254 459 2321 conum
476 2273 520 2323 ,ae
539 2252 624 2319 lanta
645 2252 679 2319 in
700 2250 899 2345 reprimendo
906 2250 1089 2321 ‘Hannibale
1102 2271 1329 2333 nonnunquam
1348 2271 1401 2317 ar-

328 2360 449 2441 tissima
478 2360 562 2425 inter
594 2378 628 2425 se
661 2356 880 2435 cohaerebant,
912 2356 1024 2425 noem
1040 2356 1192 2425 ..fontibus
1218 2378 1311 2425 usum
1332 2376 1400 2425 esse

214 2520 225 2533 .
329 2466 482 2549 suspicari
508 2464 673 2549 possimus,
699 2462 788 2531 nulla
813 2463 935 2531 rufinus
962 2463 1078 2532 habita-
1099 2468 1262 2533 auclomm
1283 2484 1304 2529 a
1325 2463 1400 2531 Plu·

328 2570 440 2640 archo
473 2569 672 2638 hudatomm
695 2568 836 2639 'candem
858 2589 962 2652 *qnam
994 2574 1092 2638 antea
1117 2569 1287 2637 institimus
1305 2584 1399 2652 argo·

327 2675 492 2745 mentnndi
530 2676 616 2743 iriam
650 2688 885 2763 persequamur.
939 2688 1043 2758 noque
1063 2680 1279 2744 vueror'tauta
1310 2673 1400 2747 uubis

237 2834 240 2841 .
327 2781 471 2853 subsidia
496 2786 625 2865 praesto·
649 2786 875 2864 sunt-*quanta
900 2799 1004 2865 supra.
1024 2779 1293 2865 suppeditabant·
1310 2802 1400 2852 mm

328 2908 403 2955 oum
423 2887 545 2973 Polybii
566 2886 699 2955 historio
720 2887 828 2970 paucis
843 2887 981 2971 exceptis
1002 2886 1185 2970 fragmentis
1205 2908 1274 2955 non
1291 2907 1399 2970 super

327 3000 395 3061 stes
422 2994 473 3071 sit,
502 2992 665 3077 Appianas
692 2998 727 3058 st
757 2994 894 3063 macras
917 2991 1072 3062 daf'rcbus
1094 3014 1116 3059 a
1135 2993 1285 3063 Marcello
1304 2995 1400 3079 gans

326 3106 421 3169 tanta
447 3100 603 3169 breuitate
620 3100 759 3183 ⁴agerint,
787 3104 824 3168 ut
853 3100 924 3168 fare
940 3100 1044 3170 nullus
1066 3100 1185 3167 huntus
1207 3120 1248 3167 ex
1267 3101 1306 3169 iis
1327 3120 1399 3185 pcr-

326 3208 392 3292 cipi
412 3207 522 3291 possit.
545 3218 644 3291 propo
666 3206 750 3275 solus
772 3206 881 3275 Liuius
902 3212 1010 3274 restat.
1025 3256 1040 3264 ..
1057 3220 1100 3273 aa
1118 3220 1159 3276 no'
1180 3228 1252 3277 com
1273 3207 1400 3293 quidem

326 3314 444 3397 ubique
476 3334 656 3397 comparare
687 3314 771 3391 licet,
795 3314 880 3398 vquia
908 3313 988 3381 libor
1014 3314 1177 3383 mamimus
1199 3336 1262 3399 qno
1275 3315 1400 3384 bellum

326 3425 439 3489 contra
465 3419 612 3490 Insubres
638 3424 760 3503 gestum
790 3419 1111 3504 comprehendebatur
1130 3441 1196 3489 non
1217 3422 1290 3491 tulit
1312 3428 1398 3489 aeta-

325 3534 400 3597 tem.
446 3548 527 3611 quas
556 3548 627 3596 eum
654 3528 701 3594 ita
722 3516 1000 3611 suntquamquam
1020 3528 1122 3597 minus
1144 3533 1230 3595 certe
1250 3550 1347 3613 quam
1366 3530 1399 3594 in

325 3636 396 3703 uita
422 3634 513 3703 Fabii
540 3632 671 3703 Maximi
697 3634 738 3701 de
765 3634 926 3701 Plutarchi
952 3633 1090 3702 fontibus
1118 3636 1218 3704 conici
1249 3656 1340 3719 posse
1366 3636 1399 3702 in

325 3748 438 3827 aperto
468 3746 532 3820 est,
566 3746 674 3809 mnan
702 3763 765 3809 non
792 3742 914 3809 irritam
931 3742 1210 3826 comparationem
1237 3747 1399 3811 auctorum

325 3850 384 3933 qui
405 3853 571 3932 supersunt
592 3848 666 3915 lore
682 3848 907 3916 existimamus.
1293 3866 1296 3874 ·

419 3942 604 4038 ¹Postquam
636 3953 822 4020 Plutarchus
853 3954 886 4019 in
916 3954 1025 4038 primis
1059 3952 1214 4038 capitibus
1246 3951 1327 4018 dixit
1359 3953 1398 4017 de

324 4080 439 4145 genere
470 4065 502 4125 ct
534 4060 671 4126 moribus
702 4059 851 4137 Marcelli,
885 4080 952 4144 cap.
985 4058 1300 4140 111-1-V111beu11m
1328 4080 1399 4124 oum

325 4167 428 4237 Gallis
451 4166 491 4233 ah
514 4186 597 4237 anno
623 4165 689 4233 225
710 4186 810 4249 usque
832 4164 874 4231 ad
895 4186 1013 4239 annum
1034 4166 1100 4232 222
1122 4171 1242 4249 gestum
1264 4171 1397 4243 enaret,

323 4272 368 4337 de
389 4271 499 4339 ecdem
521 4271 603 4337 bello
626 4276 724 4355 agunt
744 4270 893 4356 Polybius
913 4270 954 4349 IL
977 4270 1125 4347 ars-„343
1143 4270 1291 4338 Zonaras
1313 4271 1398 4349 VIII,

323 4378 379 4443 20.
425 4376 510 4463 quod
530 4377 613 4441 Liuii
635 4376 709 4442 belli
736 4375 874 4442 nmratio
897 4376 1017 4452 interiit
1036 4374 1130 4440 ualde
1143 4381 1200 4440 est
1221 4374 1397 4441 dolendum.

323 4504 423 4569 quam
449 4482 594 4549 lacunam
623 4482 730 4567 aliqua
758 4502 797 4549 ex
823 4486 915 4567 parto
943 4480 1070 4566 explent
1092 4480 1263 4567 Eutropius
1284 4481 1396 4559 111‚5,

323 4590 348 4658 6
372 4596 405 4655 et
427 4588 555 4655 Orosius
577 4588 633 4667 IV,
650 4588 701 4667 13,
725 4610 802 4673 quos
824 4588 988 4655 historiam
1009 4576 1092 4654 Liuii
1114 4587 1303 4673 excerpsisse
1325 4608 1396 4651 cum

321 4695 380 4761 ubi
407 4696 510 4779 ipsum
538 4694 663 4763 Liuium
691 4714 875 4778 comparare
900 4694 974 4761 lieet
1001 4692 1179 4759 certissimis
1208 4693 1397 4776 argumentis
