3417 5567
745 643 964 709 -36..

320 857 392 923 balo
406 855 616 943 reportauisse
630 794 728 923 tmdit
749 856 835 945 (llll,
852 856 1088 944 17)‚,Polybius
1102 865 1209 925 summ
1222 857 1392 925 identidem

320 968 394 1029 ante
416 964 537 1029 cladem
558 964 643 1050 apud
664 965 793 1032 Zamam
821 970 984 1049 acceptam
1004 984 1164 1048 nunquam
1184 966 1392 1030 memmasce

161 1041 169 1055 '
267 1085 270 1090 ·
320 1068 529 1135 samonem
551 1070 712 1137 conanus
734 1067 807 1154 (xv
831 1073 889 1148 113
912 1066 1049 1149 1c;1x‚
1072 1072 1117 1155 a).

425 1176 497 1243 Non
512 1177 588 1241 item
609 1176 754 1243 subsidiis
776 1198 794 1243 e
814 1176 989 1260 quibusda
1011 1176 1171 1241 Plutarchi
1191 1176 1277 1241 fonte
1292 1175 1392 1241 conici

171 1359 176 1369 Ι
319 1282 420 1365 possit
441 1302 581 1349 canemus
602 1283 636 1348 in
658 1302 698 1349 ea
719 1304 800 1366 quae
822 1284 963 1367 seqnitur
974 1284 1062 1348 uitae
1081 1288 1183 1367 purte,
1205 1283 1238 1347 in
1260 1303 1325 1366 qna
1338 1302 1392 1347 oo·

320 1389 408 1471 picse
430 1388 648 1455 describuntur
669 1389 843 1475 Syracusae
860 1411 885 1454 a
904 1390 1055 1455 Marcello
1076 1396 1275 1474 oppugnatae
1294 1394 1392 1473 atque

321 1501 518 1578 expugnatae
540 1495 776 1582 (xm-xlx).
812 1518 888 1561 nam
907 1501 1033 1579 practer
1052 1496 1155 1561 fusam
1176 1495 1260 1560 Liuii
1281 1514 1391 1559 narra·

320 1600 438 1669 tionem
459 1600 588 1687 (XXIV,
610 1600 709 1680 4-73
733 1602 882 1679 21--393
897 1602 996 1679 XXV,
1019 1600 1265 1685 23-31)haud
1280 1601 1393 1684 exigua

320 1705 496 1790 fragmenta
505 1707 629 1794 Polybii
641 1714 806 1793 supersunt
816 1708 901 1795 (VII,
914 1708 1012 1784 2-73
1027 1707 1112 1784 VIII,
1125 1708 1227 1784 5-93
1243 1708 1302 1784 363
1322 1707 1391 1791 37).

318 1811 454 1898 Appiani
476 1834 572 1880 unum
593 1815 800 1899 fragmentum
823 1820 980 1899 superatos
1006 1820 1057 1880 est
1078 1813 1175 1900 (Sicil.
1197 1815 1250 1899 4),
1272 1815 1307 1879 in
1329 1836 1392 1898 quo

321 1920 442 1985 crimini
468 1920 563 1985 datur
589 1921 738 1996 Marcello
767 1921 853 2005 quod
874 1922 972 1987 nimie
993 1918 1179 1987 crudelitate
1201 1942 1240 1987 ac
1259 1920 1391 2005 perfidia

319 2027 353 2091 in
374 2027 474 2093 uictos
502 2024 622 2095 Siculos
653 2028 918 2095 animaduerterit.
962 2026 1050 2094 nulla
1070 2019 1160 2095 ratio
1175 2027 1322 2094 habenda
1341 2034 1392 2093 est

320 2134 429 2199 Dionis
458 2133 557 2200 Cassii
586 2135 685 2221 (apud
713 2136 813 2201 Treta.
837 2135 915 2201 chii.
939 2136 971 2200 Π
992 2134 1065 2201 bist.
1087 2132 1142 2212 35,
1166 2134 1315 2220 24-35)
1335 2141 1393 2200 aut

320 2242 460 2307 Zonaras
492 2240 548 2321 Ill,
582 2241 613 2320 5,
647 2262 725 2326 quos
756 2260 827 2307 cum
861 2248 988 2326 praeter
1014 2243 1093 2307 alias
1113 2241 1274 2306 machinos
1296 2242 1392 2310 etiam

321 2348 448 2433 specula
468 2350 510 2415 ad
531 2348 739 2415 incendendas
759 2350 970 2415 Romanorum
984 2370 1083 2413 naues
1096 2345 1313 2414 Archimedem
1333 2347 1392 2412 ad-

320 2453 457 2521 hibuisse
479 2461 652 2524 memorent
671 2494 717 2505 —-
732 2476 814 2540 quac
834 2456 944 2521 bbula
965 2454 1050 2540 apud
1071 2456 1191 2519 nullum
1212 2460 1392 2519 nostrorum

321 2566 483 2627 auctorum
512 2560 647 2628 occurrit
679 2600 721 2611 --
754 2561 937 2646 posterioris
967 2562 1083 2625 aetate
1116 2556 1296 2626 auctoribus
1317 2580 1391 2626 usos

321 2688 389 2733 esse
420 2658 618 2753 perspicuum
651 2674 707 2733 est.
762 2667 917 2753 proficisci
947 2684 1024 2733 uem
1056 2666 1151 2732 debet
1182 2671 1252 2732 tota
1283 2672 1392 2732 nostru

196 2806 200 2817 =
320 2776 463 2861 quaestio
485 2796 506 2841 a
526 2775 666 2861 Polybio,
682 2796 776 2860 quem
791 2771 981 2862 amplissime
1001 2792 1052 2839 res
1073 2772 1194 2839 Sic-idas
1214 2774 1392 2839 narrauisse

320 2881 494 2965 fragmenta
526 2886 681 2948 testentur
713 2878 864 2965 cuiusque
894 2880 1075 2964 fragmentis
1104 2880 1195 2968 copia
1219 2879 1312 2945 nobis
1333 2878 1392 2945 fiat

322 3008 387 3053 non
415 2988 517 3054 solum
542 2988 583 3054 de
608 2986 691 3054 Liuii
712 2988 768 3054 sed
790 2988 887 3053 etiam
902 2987 949 3052 dc
970 2984 1132 3052 Plutarchi
1152 2986 1293 3052 fontibus
1314 2986 1391 3052 satis

323 3098 409 3159 certo
423 3094 589 3161 iudicandi.
613 3095 668 3161 sed
690 3095 874 3183 priusquam
888 3094 921 3158 in
943 3092 1104 3189 Plutarchi
1126 3092 1229 3158 fontes
1249 3093 1391 3177 inquira-

321 3222 401 3279 mus,
430 3206 603 3267 statuemus
633 3220 715 3286 quae
742 3202 823 3266 ratio
851 3201 934 3265 inter
956 3200 1081 3269 Liuium
1103 3205 1138 3263 et
1156 3198 1321 3283 Polybium
1340 3200 1391 3263 in·

321 3307 470 3373 tercedat.
499 3328 537 3373 ac
559 3330 630 3375 cum
652 3309 753 3398 primo
775 3309 950 3391 fragmento
971 3307 1092 3392 Polybii
1114 3306 1200 3393 (VII,
1223 3306 1336 3392 2-6),
1357 3308 1391 3373 in

322 3434 385 3497 quo
416 3414 519 3497 agitur
551 3415 592 3483 de
625 3416 775 3481 socictate
805 3414 846 3480 ab
881 3413 1081 3499 Hieronymo,
1112 3414 1163 3478 cui
1190 3432 1288 3500 puero
1317 3418 1392 3502 post

322 3526 454 3587 mortem
475 3518 621 3587 Hieronis
642 3540 772 3605 regnum
793 3521 981 3585 censimum
1001 3525 1081 3597 orat
1102 3540 1173 3584 cum
1195 3518 1392 3604 Carthagini·

321 3628 447 3693 ensibus
481 3628 553 3704 iota,
586 3629 632 3693 ita
664 3628 822 3715 conspirat
849 3626 958 3691 liuius
979 3622 1094 3703 XXIV,
1117 3626 1149 3703 6,
1170 3631 1207 3691 ut
1228 3644 1301 3690 eum
1323 3626 1393 3692 alils

321 3732 547 3823 praetermissis
570 3734 639 3799 aliis
659 3734 694 3799 in
715 3737 882 3817 angustum
897 3732 1014 3798 coactis
1035 3731 1199 3816 Polybium
1219 3730 1393 3799 reddidisse

321 3843 389 3907 iure
410 3841 561 3928 suspicari
581 3838 745 3928 possimus.
800 3856 882 3922 quae
903 3837 945 3903 de
965 3837 1190 3904 Leontinorum
1211 3838 1391 3917 urbicolas,

320 3946 465 4012 Hieronis
493 3967 532 4011 ac
559 3944 687 4012 Gelonis
714 3943 852 4009 moribus
875 3944 1020 4032 exposuit
1040 3940 1187 4029 Polybius
1211 3944 1279 4022 VII,
1302 3944 1390 4011 6-1

321 4074 384 4119 non
394 4052 499 4136 attigit
510 4048 627 4119 Liuius.
650 4052 690 4117 dc
712 4052 944 4140 oppugnatione
964 4048 1294 4143 uemsSyracnsarum,
1310 4068 1392 4136 qone

322 4159 405 4248 apud
437 4158 601 4244 Polyqum
633 4155 754 4241 integra
777 4162 935 4245 superstes
952 4162 1000 4221 est
1022 4154 1123 4244 (VIII,
1150 4156 1392 4242 5-a)‚1sum

321 4264 431 4333 ecdem
458 4265 552 4331 modo
579 4271 616 4331 ut
636 4270 732 4331 antea
751 4284 823 4331 oum
843 4264 973 4350 Polybio
994 4264 1150 4331 consentit
1171 4264 1253 4349 (bin.
1277 4262 1392 4342 XXIV,

324 4372 368 4439 33
397 4376 426 4455 §-
456 4370 590 4457 9--34).
634 4371 884 4437 accuratissimus
911 4370 995 4435 enirn
1016 4370 1095 4437 ordo
1116 4371 1391 4437 uariorumoona·

322 4486 427 4545 torum
448 4478 588 4543 Marcelli
609 4477 885 4560 machinarumque
905 4474 1108 4554 Archimedis,
1132 4478 1187 4560 qni
1208 4476 1274 4541 sine
1296 4476 1392 4544 dubio

320 4585 503 4669 diligentiae
530 4584 651 4670 Polybii
678 4582 862 4649 tribuendus
892 4588 949 4659 est,
976 4600 1104 4666 prorsus
1130 4579 1214 4647 idem
1235 4587 1286 4647 est
1306 4582 1392 4668 apud

322 4692 461 4768 Liuium
494 4690 661 4775 descriptio
689 4695 875 4774 apparatus,
908 4704 1002 4772 quom
1029 4688 1195 4755 Marcellus
1222 4687 1264 4753 ad
1291 4708 1391 4775 oppo-
