3417 5567
745 642 877 709 -28
923 680 964 691 ..

324 851 418 924 fidem
440 853 564 923 addae
578 860 616 921 et
635 872 739 944 aeque
760 804 974 944 nequeuntes
990 851 1192 920 Plutarchum
1214 860 1246 919 et
1268 854 1391 921 Liuius

322 979 340 1024 e
361 958 462 1028 Fabio
482 961 607 1029 Pictore
626 964 777 1043 hausisse,
798 964 962 1048 Polybium
982 984 1057 1029 uero
1078 964 1112 1028 in
1133 963 1193 1028 hac
1213 982 1330 1113 pugna
1334 964 1389 1028 ‹le-

322 1066 495 1133 scribenda
510 1069 632 1156 longius
654 1071 695 1135 ab
717 1092 755 1136 eo
775 1072 948 1139 recessisse.

326 1238 342 1300 s
427 1210 556 1289 Quae
547 1233 580 1276 ιιι
610 1212 760 1296 proximis
794 1210 949 1304 capitibus
977 1209 1165 1279 Plutarchus
1194 1212 1323 1299 exponit
1309 1208 1390 1276 tde

320 1317 552 1404 perturbatione
574 1318 692 1384 Romae
714 1324 784 1386 orta
810 1320 907 1385 allato
939 1320 1047 1384 nuntio
1071 1318 1240 1385 Cannensis
1263 1320 1389 1385 calami-

321 1424 397 1488 tatis
435 1430 467 1489 et
506 1421 545 1489 de
573 1422 803 1504 emolumentis,
837 1445 918 1514 quae
944 1424 1102 1490 Hannibal
1130 1426 1307 1491 c'uictoria
1333 1426 1389 1491 illa

320 1530 503 1617 perceperit,
532 1550 590 1595 nec
619 1530 838 1619 discrepante
860 1530 951 1596 Liuio
975 1551 1033 1596 nec
1055 1520 1223 1615 singularia
1245 1532 1388 1597 similitu-

229 1667 234 1681 ·
321 1631 402 1699 dinis
429 1634 545 1702 iudicia
572 1626 739 1725 praebent,
774 1659 791 1702 e
826 1631 939 1730 duribus
972 1636 1113 1702 hausisse
1141 1637 1343 1704 Plutarchum
1370 1661 1388 1704 e

321 1739 412 1806 Liuio
441 1742 686 1809 concludendum
715 1744 765 1810 sit
815 1746 923 1833 itaque
947 1744 1078 1811 eandem
1100 1766 1195 1832 quam
1216 1750 1310 1811 antea
1333 1720 1388 1812 ob-

187 1866 191 1879 ’
321 1847 514 1915 seruauimus
546 1851 700 1915 rationem
730 1850 813 1916 inter
843 1872 896 1917 eos
923 1850 1114 1924 intercedere
1143 1846 1303 1947 probabile
1331 1858 1387 1918 est.

306 1949 447 2019 ‹Liuium
475 1962 581 2021 autem
607 1957 740 2023 Fabium
767 1958 836 2023 Pict
822 1964 923 2024 torem
951 1948 1110 2023 auctorem
1131 1952 1275 2025 habuisse
1303 1958 1387 2025 haud

321 2060 385 2124 scio
415 2081 457 2125 au
487 2063 584 2127 conici
606 2064 714 2151 possit
728 2084 767 2128 ex
789 2085 836 2142 eo,
861 2063 944 2151 quod
965 2070 1032 2129 tam
1054 2071 1197 2130 accmatc
1166 2064 1327 2131 tLiuius
1349 2067 1387 2131 de

321 2164 420 2232 Fabio
441 2166 564 2234 Pictore
585 2169 689 2256 legato
710 2168 849 2257 Delphos
871 2171 965 2235 misso
987 2177 1019 2235 et
1033 2169 1072 2235 de
1086 2191 1234 2259 responso
1256 2172 1387 2239 Romam

321 2273 362 2340 ab
385 2293 422 2339 eo
444 2274 544 2340 relato
567 2277 632 2359 agit
654 2274 768 2363 (XXII,
792 2275 846 2353 573
868 2274 986 2355 XXIII,
1009 2277 1075 2362 11).
1105 2276 1234 2361 insignis
1248 2279 1387 2345 Marcelli

321 2384 354 2446 et
375 2380 466 2446 Fabii
487 2380 617 2447 Maximi
640 2383 831 2470 comparatio
843 2381 875 2467 ⁸⁸)
904 2401 943 2447 ex
964 2382 1061 2471 ipsius
1084 2366 1243 2449 Plutarchi
1264 2386 1387 2471 ingenio

321 2486 469 2553 manauit.
513 2494 621 2553 narrat
608 2488 763 2553 tiunculas
790 2508 865 2553 uero
894 2488 1006 2576 quibus
1032 2488 1123 2553 Fabii
1150 2488 1386 2557 humanitasil-

321 2595 473 2659 lustratur
505 2595 586 2680 (cap.
610 2590 685 2683 XX)
718 2595 788 2661 aliis
820 2602 893 2662 auct
879 2594 998 2661 toribus
1027 2616 1061 2659 se
1084 2593 1227 2660 debere
1217 2619 1284 2681 1pse
1305 2596 1386 2691 indi-

321 2721 392 2766 care
406 2700 532 2766 nidetm
545 2701 665 2767 uerbis.
687 2704 809 2785 λέγεται
831 2701 886 2784 δὲ,·’
906 2698 1078 2786 sadrapis
1100 2684 1156 2769 οὖν
1178 2704 1387 2793 aspicedum

322 2808 489 2895 ἱστοροῦσι
533 2826 634 2891 neque
655 2806 763 2873 Liuius
786 2808 884 2874 ullam
908 2829 1015 2872 earum
1036 2808 1225 2874 mentionem
1246 2810 1329 2907 fecit

425 2947 524 3017 Paulo
551 2950 673 3035 longius
703 2950 949 3019 commoratur
939 2973 972 3015 m
1000 2948 1202 3034 describenda
1229 2922 1389 3037 expugua-

321 3035 407 3121 tione
430 3055 555 3123 Tarenti
579 3057 844 3145 (XXI-XXIX).
889 3078 926 3122 ac
947 3056 1051 3139 plures
1067 3077 1138 3125 eum
1159 3055 1219 3123 hoc
1240 3058 1309 3123 loco
1331 3080 1388 3147 au·-

321 3168 423 3229 ctores
446 3164 635 3229 consuluisse
656 3168 761 3249 patet
765 3184 805 3229 ex
828 3184 882 3242 eo,
911 3162 996 3246 quod
1018 3161 1188 3245 duplicem
1194 3162 1233 3229 de
1261 3140 1389 3251 muliere

322 3290 404 3353 quae
429 3269 587 3336 Bruttium
615 3248 778 3359 quendam
805 3269 847 3335 ad
873 3269 1068 3363 prodendam
1090 3268 1198 3335 mbem
1190 3271 1398 3373 perlexisse.

322 3376 436 3441 dicitur
462 3376 589 3450 famem
607 3377 714 3461 prodit
743 3376 843 3468 (XXI
871 3376 930 3443 23·
959 3378 1056 3446 ταῦτα
1082 3372 1144 3459 μὲν
1166 3359 1224 3448 οὖν
1246 3379 1279 3443 oi
1301 3380 1399 3451 alst.

226 3526 232 3535 -
323 3499 390 3549 οτοι
411 3480 569 3569 γράφουσι
586 3482 663 3568 περὶ
685 3480 812 3552 τούτων
836 3505 915 3575 susos
938 3478 1022 3548 de'x.
1045 3505 1069 3546 τ.
1092 3483 1147 3563 λ..)
1170 3480 1226 3547 sed
1247 3482 1290 3548 ad
1310 3506 1390 3569 quos

322 3595 464 3657 auctores
491 3590 710 3683 prouocauerit
723 3569 892 3681 ‚explorari
919 3609 982 3655 uon
1009 3592 1129 3672 potest,
1159 3588 1233 3673 quia
1253 3588 1389 3677 Polybio

322 3718 386 3762 non
408 3696 574 3781 superstite
595 3695 739 3780 Appiano
761 3694 878 3782 (Ηοιιιι.
894 3695 951 3780 49)
975 3700 1007 3759 οι
1027 3694 1149 3775 Zonara
1172 3695 1242 3781 (IX,
1264 3694 1300 3781 5)
1322 3686 1390 3763 rem

321 3803 421 3887 magis
454 3802 678 3890 attingentibus
712 3823 808 3887 quam
842 3800 1067 3885 explicantibus
1100 3822 1171 3866 cum
1205 3800 1271 3867 solo
1298 3802 1390 3877 Ιιιιιιο

262 4221 264 4224 ¹
427 4156 452 4222 ⁸)
474 4156 637 4210 Plutarchum
659 4172 715 4223 cap.
738 4156 804 4211 XIX
820 4172 869 4215 uon
891 4156 971 4222 magis
988 4153 1085 4209 uerbis:
1108 4152 1197 4230 ὥσπερ
1215 4157 1245 4209 ἐν
1261 4158 1391 4230 τοῖςπερὶ

324 4241 406 4300 αὐτοῦ
427 4248 629 4319 γεγραμμένοις
648 4248 748 4319 εἴρηται
767 4260 845 4313 quam
868 4261 923 4312 cap.
945 4244 1025 4297 XXII
1040 4243 1143 4297 inerte:
1165 4241 1202 4301 ὥς
1217 4248 1247 4300 ἐν
1263 4250 1316 4301 τοῖς
1328 4246 1391 4316 περὶ
1460 4278 1462 4285 1

324 4336 424 4387 ἐκείνου
447 4334 597 4405 γέγραπται
615 4335 708 4399 (agitur
730 4338 835 4400 unoque
853 4332 908 4385 loco
931 4334 963 4385 de
981 4331 1115 4397 Marcello)
1132 4348 1182 4385 nou
1200 4339 1326 4387 auctorem
1342 4334 1390 4387 ali·

324 4439 398 4492 quem
419 4425 464 4491 qui
484 4421 636 4489 peculiarem
659 4423 691 4473 de
713 4422 835 4475 Marcello
858 4422 969 4475 libellum
993 4424 1118 4489 scripserit
1139 4421 1256 4483 laudare,
1279 4422 1325 4475 sed
1346 4437 1391 4477 uos

323 4513 356 4564 ad
374 4513 451 4577 ipsius
467 4512 545 4562 ultam
563 4511 680 4563 Marcelli
699 4513 764 4577 (cap.
783 4512 879 4572 131x·,
898 4511 973 4576 ΧΧΙ)
992 4526 1111 4563 reuocare
1128 4512 1154 4563 in
1173 4516 1258 4578 aperto
1277 4515 1320 4566 cst.
1346 4510 1389 4563 sed

324 4618 356 4653 ex
375 4616 404 4652 eo
422 4601 489 4667 qued
507 4604 533 4657 ln
551 4602 604 4651 uita
622 4599 692 4652 Fabii
710 4602 818 4653 Maximi
836 4600 932 4665 relegat
949 4601 1066 4653 adultam
1078 4598 1195 4653 Marcelli
1212 4598 1328 4651 condedi
1335 4604 1391 4665 pot-

323 4694 361 4739 est
383 4704 439 4741 eum
460 4691 538 4740 ultam
559 4689 676 4741 Marcelli
697 4691 768 4755 prius
791 4692 957 4756 composuisse
980 4705 1055 4756 quam
1076 4693 1153 4741 uitam
1171 4688 1249 4746 Fabii.
