3417 5567
746 620 965 685 ..34-

319 836 502 904 Clastidium
530 832 633 899 deleta
660 852 728 897 esse
757 831 885 899 Orosius
913 832 1023 910 refert,
1058 833 1226 900 Plutarcho
1261 841 1390 905 auctore

317 950 423 1010 autem
449 939 480 1007 X
507 946 632 1005 tantum
653 938 740 1005 milia
761 959 799 1005 eo
821 938 963 1024 proiecta
984 945 1067 1017 sunt,
1090 960 1155 1006 uon
1174 947 1242 1007 tam
1262 943 1390 1009 Plutar-

317 1054 410 1119 chum
431 1070 551 1115 errasse
572 1048 787 1132 putauerimus
810 1066 905 1129 quam
927 1046 1072 1113 &osium
1093 1065 1255 1117 caesouun
1277 1071 1389 1116 numos

315 1182 386 1226 rum
399 1180 471 1223 cum
482 1162 549 1221 toto
564 1154 771 1219 Gaesatorum
785 1173 915 1218 numero
929 1153 1113 1219 conffidisso.
1135 1173 1209 1219 nam
1229 1160 1310 1222 XXX
1328 1157 1389 1223 mi-

315 1266 360 1330 lia
370 1286 423 1329 eos
435 1262 530 1327 inisse
540 1282 604 1326 non
615 1260 710 1326 modo
721 1260 908 1326 Plutarchus
918 1260 973 1325 sed
985 1261 1080 1325 aiam
1093 1260 1241 1346 Polybius
1259 1264 1315 1349 (Π,
1328 1264 1392 1349 34),

315 1372 453 1439 tradunt.
474 1388 555 1453 quae
584 1374 743 1452 utcunque
770 1388 838 1433 sese
851 1366 970 1433 habent
984 1389 1048 1434 non
1066 1374 1139 1436 sunt
1153 1368 1388 1453 impedimento,

316 1478 479 1562 quominus
494 1480 644 1559 procerte
660 1478 817 1540 statuatur
830 1473 990 1539 Plutarchi
1005 1474 1079 1540 belli
1092 1476 1303 1563 narrationem
1318 1496 1389 1542 esse

316 1582 446 1649 eandem
469 1602 564 1665 quam
586 1602 603 1644 e
625 1579 723 1646 Fabio
745 1580 870 1645 Pictore
883 1595 1027 1645 manasse
1042 1581 1252 1664 cognouimus.
1290 1602 1389 1665 quam

315 1696 420 1755 aihum
442 1708 482 1752 ex
508 1687 606 1771 ipsius
628 1686 718 1750 Fabii
746 1685 911 1750 annalibus
934 1706 975 1751 an
997 1706 1015 1750 e
1036 1685 1128 1752 Liuio
1149 1686 1289 1751 hauserit
1310 1688 1389 1752 Plu-

315 1797 441 1863 tarchus
464 1816 503 1859 ox
525 1792 585 1858 hac
607 1792 839 1874 comparatione
855 1786 922 1856 emi
944 1811 1007 1857 non
1024 1797 1138 1876 potest.
1181 1793 1238 1860 sed
1260 1814 1330 1861 eum
1351 1795 1389 1859 in

315 1905 383 1969 uita
397 1900 488 1966 Fabii
504 1899 633 1965 Maximi
649 1899 805 1963 Pictorem
815 1904 976 1962 auctorem
997 1898 1199 1983 praecipuum
1220 1900 1315 1965 fuisse
1336 1901 1388 1965 ui-

315 2010 464 2085 desimus,
497 2007 530 2071 in
557 2010 665 2071 nostra
691 2010 797 2069 autem
825 2005 892 2069 uita
914 2004 1038 2072 Liuium
1059 2005 1256 2089 potissimum
1275 2011 1388 2071 aucto

314 2137 381 2183 rem
408 2113 518 2179 haberi
544 2133 609 2177 non
631 2132 723 2195 posse
744 2130 818 2176 mox
839 2110 1084 2177 demonstraturi
1106 2111 1213 2190 simus,
1234 2112 1388 2180 hocloco

314 2226 416 2307 ipsum
443 2220 575 2285 Fabium
604 2218 760 2282 Pictorem
788 2222 864 2281 ante
886 2219 990 2283 oculos
1012 2217 1159 2283 habuisse
1182 2218 1387 2285 Plutarchum

314 2329 404 2395 nobis
430 2346 613 2411 persuasum
645 2329 701 2388 est.
730 2360 773 2371 —
796 2321 898 2387 eidem
920 2328 1027 2389 autem
1046 2323 1126 2389 fonti
1148 2326 1291 2409 exempla
1310 2326 1387 2390 reli-

314 2436 412 2520 gionis
436 2434 527 2498 anxie
550 2453 570 2496 a
591 2431 739 2496 Romanis
760 2430 947 2496 obseruatae
961 2434 1044 2519 (cap.
1068 2431 1112 2515 V)
1133 2452 1197 2498 non
1217 2431 1387 2503 tribuenda

313 2563 381 2608 esse
415 2545 511 2623 atquo
543 2560 582 2603 ex
610 2538 679 2603 aliis
706 2536 845 2603 fontibus
873 2558 928 2614 ea,
962 2558 1043 2621 quae
1071 2537 1111 2608 de
1138 2539 1246 2623 spoliis
1273 2539 1385 2623 opimis

312 2648 381 2714 Ioui
402 2646 542 2712 Feretrio
565 2644 716 2709 dedicatis
738 2646 819 2731 (cap.
831 2644 922 2728 VIII)
942 2644 1016 2709 iirse'
1034 2644 1237 2722 dissenmtur‚
1260 2652 1385 2730 sumpta

313 2775 380 2821 esse
400 2753 492 2819 facile
513 2750 710 2833 intellegitur.

418 2858 455 2924 In
484 2856 633 2942 proximis
662 2854 816 2939 capitibus
837 2861 1006 2921 narrantur
1025 2856 1146 2939 proelia
1167 2855 1250 2921 droa
1271 2855 1384 2921 Nolam

250 3018 259 3034 ,
312 2966 420 3033 urbem
449 2984 469 3029 a
496 2961 643 3059 Marcello
671 2966 781 3027 contm
807 2956 1017 3027 Hannibalem
1040 2962 1212 3028 commhsa.
1257 2982 1382 3046 compe-

309 3074 375 3139 rari
395 3072 456 3137 huc
477 3071 546 3135 loco
567 3073 674 3153 potest
695 3068 778 3134 solus
798 3068 907 3134 Limus
930 3068 1048 3147 XXIII,
1073 3069 1220 3146 lli-163
1241 3068 1381 3136 42-46.

311 3180 436 3244 Liuium
466 3180 581 3252 autem,
628 3196 818 3259 quamquam
857 3174 1074 3242 similitudines
1113 3174 1265 3259 quasdam
1300 3175 1383 3241 inter

312 3306 383 3349 eum
415 3289 448 3348 et
479 3281 682 3347 Plutarchum
712 3280 905 3347 intercedere
933 3302 1047 3367 negare
1075 3282 1234 3360 nolumus,
1261 3281 1382 3348 ionoem

310 3388 471 3457 Plutarchi
493 3408 556 3452 non
577 3387 673 3452 fiisse
694 3387 764 3452 luce
790 3393 838 3453 est
872 3388 995 3454 clarius.
1051 3410 1125 3453 nam
1154 3394 1191 3453 ut
1222 3410 1240 3453 e
1274 3388 1382 3453 multis

311 3518 392 3584 quae
420 3494 597 3577 discrepant
626 3493 709 3558 inter
741 3513 794 3559 eos
821 3514 924 3577 pauca
950 3493 1126 3573 afferamus,
1152 3512 1220 3579 cap.
1243 3494 1273 3559 X
1294 3512 1383 3561 come

311 3603 490 3688 alloquium,
514 3621 575 3685 quo
597 3600 762 3669 Marcellus
790 3600 940 3666 Bantium
966 3589 1143 3667 Poenorum
1170 3600 1312 3685 partibus
1333 3600 1381 3668 ia·

309 3716 436 3775 nentem
467 3706 526 3773 sibi
551 3706 740 3782 conciliauit,
773 3706 866 3771 aliter
885 3706 977 3772 finxit
999 3706 1185 3773 Plutarchus
1207 3712 1305 3791 atque
1326 3706 1381 3775 Li·

309 3819 379 3883 uius
407 3832 473 3899 cap.
503 3812 561 3890 15;
588 3832 655 3897 cap.
685 3813 740 3890 XI,
770 3813 901 3877 10-18
929 3832 969 3879 ex
997 3815 1201 3898 eruptiones
1230 3814 1380 3879 Macedo

309 3924 392 3991 facta
414 3920 600 4005 perspicitur
622 3919 716 3985 aliam
738 3919 833 3985 firisse
855 3921 1014 4004 copiarum
1037 3920 1273 3986 collocationem
1296 3919 1381 4004 apud

309 4027 512 4093 Plutarchum
527 4046 621 4109 quam
637 4024 721 4113 apud
742 4024 867 4091 Liuium
883 4026 924 4090 16
940 4031 970 4108 ξ.
986 4027 1023 4103 8;
1035 4046 1114 4111 cap.
1136 4026 1213 4103 XII,
1248 4026 1380 4091 10-12

309 4133 496 4200 Plutarchus
529 4132 710 4198 Marcellum
743 4139 948 4216 prouocatur
976 4133 1017 4198 ab
1045 4131 1222 4199 Hannibale
1243 4153 1381 4216 pugnam

309 4242 497 4306 detrectasse
530 4238 692 4321 signtficat,
727 4260 798 4304 cum
832 4239 941 4305 Liuius
969 4240 1014 4305 44
1036 4245 1065 4323 ξ.
1088 4237 1176 4304 3-5
1197 4239 1381 4309 Marcellum

309 4348 471 4432 emptione
499 4346 583 4410 facta
612 4346 758 4411 atrociter
787 4366 858 4410 oum
879 4338 1057 4411 Hannibale
1078 4364 1233 4429 pugnasse
1254 4351 1379 4422 narrat3

309 4476 376 4538 cap.
404 4452 480 4529 XII,
505 4452 547 4515 14
568 4451 753 4517 Plutarchus
776 4450 861 4517 solus
884 4457 1038 4517 memorat
1058 4450 1242 4517 Marcellum
1262 4452 1379 4517 Roma-

308 4580 420 4624 norum
442 4556 562 4641 pedites
584 4559 761 4643 praelongis
784 4558 940 4623 sociorum
961 4558 1121 4625 naualium
1141 4557 1241 4625 hastis
1263 4558 1379 4625 instra,

308 4666 398 4727 risse.
451 4663 506 4727 sed
540 4664 630 4746 longe
660 4664 783 4730 maioris
819 4662 868 4728 his
901 4663 1117 4747 discrepantiis
1149 4664 1299 4728 momenti
1330 4670 1380 4729 est
