3417 5567
327 867 488 952 gmedam
510 866 710 935 Archimedes
733 867 776 933 ed
796 868 1033 936 defendendam
1047 870 1158 936 nubem
1177 871 1403 949 mmmerunt,

329 974 514 1059 plerumque
530 980 612 1039 tam
644 979 693 1039 est
724 974 843 1054 similis,
864 982 917 1043 ut
942 976 1074 1043 uertisse
1094 975 1404 1060 Iinirmr'Polybimn

329 1084 431 1163 putes.
475 1080 568 1145 nimie
597 1100 673 1145 uero
701 1097 752 1145 res
768 1079 989 1165 perstringere
1005 1082 1146 1149 ,dedens
1167 1081 1324 1170 quaedam
1345 1081 1403 1148 ob
1482 1069 1486 1073 “

328 1185 471 1249 soureuit
498 1192 554 1251 eut
574 1186 711 1250 ¹inuertit
731 1186 849 1268 Liuius,
872 1188 1008 1271 impetus
1027 1193 1121 1254 nocte
1143 1209 1164 1253 a
1185 1188 1334 1260 Marcello
1354 1188 1403 1253 ia·

329 1291 374 1356 oti
405 1290 525 1355 nullam
556 1292 746 1385 mention·
776 1292 860 1359 iecit.
914 1300 949 1359 at
976 1303 1048 1359 cum
1069 1294 1296 1373 sambucarum,
1324 1315 1403 1378 ques

327 1397 443 1463 iunctis
472 1397 553 1462 binis
582 1398 854 1481 quinqueremibus
882 1399 1143 1483 imposuisses
1171 1399 1403 1466 accuratissime

327 1502 496 1587 descripsit
522 1504 687 1588 Polybius,
714 1504 834 1571 nubam
861 1507 1050 1571 mentionem
1076 1506 1186 1575 feeedt
1206 1507 1325 1583 Limus,
1347 1505 1403 1571 sed

329 1614 432 1675 turres
445 1610 664 1700 contabulatas
678 1611 991 1697 machinamentaque
1005 1611 1070 1678 alle
1082 1614 1116 1678 in
1126 1600 1337 1679 illis'nauibue
1347 1631 1403 1678 ex·
1460 1654 1468 1663 -

329 1720 451 1781 structa
473 1736 541 1781 esse
563 1718 745 1802 prodiderit,
766 1738 840 1783 eum
854 1725 981 1804 praeter
1004 1719 1169 1804 Polybimn
1189 1717 1324 1785 alterum
1343 1739 1403 1784 aa·

327 1828 450 1888 ctorem
471 1824 663 1889 cousuluisse
685 1846 809 1889 necesse
833 1830 939 1890 estut
960 1826 1182 1892 existimemus.
1209 1826 1305 1891 item
1320 1844 1403 1910 quas

326 1934 452 1996 restent
472 1931 610 2013 quinque
632 1930 809 2014 fingmento
829 1929 951 2015 Polyhii
972 1931 1074 2017 (VIII,
1096 1932 1155 2008 363
1178 1932 1236 2017 37)
1257 1930 1403 2015 quemuis

327 2038 393 2103 sint
425 2038 538 2122 exigue
565 2042 722 2106 testentur
749 2038 846 2102 etiam
872 2037 906 2101 in
927 2038 1158 2121 expugnatione
1178 2036 1403 2122 Syrueumn

327 2143 534 2209 describenda
560 2144 687 2209 Liuium
705 2144 830 2229 Polybii
855 2144 992 2227 uestigia
1014 2144 1178 2231 pressisse
1216 2164 1298 2227 quae
1332 2162 1403 2209 cim

326 2250 375 2315 ita
403 2250 468 2315 sint
496 2250 622 2315 omnino
641 2251 677 2314 in
698 2248 927 2315 rebusSioulis
948 2248 1115 2315 narrandis
1134 2250 1261 2315 liuium
1280 2248 1404 2334 Polybii

326 2358 549 2422 auctoritatem
577 2362 717 2423 secutum
730 2376 817 2435 esse,
846 2378 921 2422 roro
940 2357 1093 2421 alterum·
1109 2362 1268 2422 auctorem
1291 2375 1402 2422 eonsu-
1465 2394 1467 2396 ·

325 2462 423 2529 luisse
451 2463 614 2547 probabile
641 2469 697 2529 est.
726 2499 769 2513 —
797 2468 895 2547 etque
922 2465 1018 2530 etiam
1041 2466 1128 2547 qu‘eb
1153 2463 1340 2529 Plutarchus
1363 2462 1403 2530 ds

326 2570 422 2636 rebus
454 2570 565 2638 Siculis
599 2572 743 2655 expuerit
775 2588 845 2635 oum
867 2570 938 2640 ,hec
962 2571 1137 2656 Polybiane
1153 2570 1342 2636 ¹narratione
1368 2572 1402 2635 in

327 2676 510 2741 uniuersum
537 2683 728 2760 congruunt,
757 2682 795 2741 ut
817 2677 916 2765 nulle
935 2676 1311 2761 sit'oontrouereia‘quiu
1331 2678 1401 2750 uin·

327 2782 399 2846 culo
428 2782 565 2865 quodem
592 2783 876 2848 cohaereantcum
898 2802 945 2847 es.
988 2783 1207 2848 similitudines
1229 2804 1305 2848 uero
1323 2792 1402 2849 mum

325 2911 366 2955 ex
388 2890 532 2956 adhibito
555 2890 685 2974 Polybio
705 2910 749 2955 an
778 2888 908 2955 eLiuio
930 2910 972 2955 aa
995 2910 1013 2954 e
1035 2890 1190 2955 communi
1212 2895 1246 2953 et
1267 2911 1287 2953 a
1308 2889 1401 2973 Poly·

327 2995 389 3061 bio.
413 3000 446 3060 et
483 3017 502 3060 a
541 2995 710 3061 Plutarcho
743 2996 895 3080 usrupsto
925 2996 1014 3062 sonte
1047 2993 1195 3060 fluxerint
1221 2993 1402 3077 diligentius

327 3101 542 3186 quaerendum
563 3106 619 3166 est.
663 3122 702 3167 ae
724 3101 848 3167 Liuium
867 3097 1178 3185 quidemPlutarebi
1198 3100 1317 3167 fontem
1337 3120 1402 3179 non

326 3208 423 3275 inisse
446 3214 565 3273 certum
587 3214 645 3274 est
688 3228 763 3273 nem
782 3214 821 3273 ut
842 3207 1023 3274 omittamus
1044 3207 1211 3273 dicere'de
1232 3205 1402 3284 leuioribus

325 3315 546 3401 discrepantis
574 3314 615 3405 de
645 3334 693 3393 eo,
725 3312 811 3399 quod
825 3315 947 3379 *liuius
979 3314 1076 3379 alium
1093 3320 1256 3380 auctorem
1278 3320 1403 3381 secutus

326 3423 420 3488 aliter
447 3443 486 3487 so
513 3419 660 3507 Polybius
689 3419 843 3507 exposuit,-
870 3422 1057 3487 Plutarchus
1075 3421 1154 3487 latit
1177 3442 1251 3488 eum
1270 3422 1402 3508 Polybio

325 3536 423 3613 atque
445 3528 574 3594 exhibet
595 3529 638 3607 id,
662 3529 747 3614 quod
768 3527 879 3595 Liuius
897 3529 1119 3615 praetermisit,
1141 3527 1284 3613 pluribus
1304 3545 1401 3612 agens

325 3634 366 3730 de
388 3636 540 3701 sambuca
561 3636 657 3715 etde
676 3637 798 3721 impetu
820 3642 954 3703 noctes
975 3632 1124 3700 Marcello
1144 3640 1299 3719 suscepto.
1343 3654 1401 3719 pa·

323 3748 375 3809 tet
404 3741 625 3807 Plutarchum¹
645 3728 774 3827 propius
806 3740 1032 3807 accederead
1062 3740 1235 3825 Polybium
1278 3740 1336 3807 sed
1360 3762 1402 3808 ne

325 3868 363 3915 eo
385 3846 515 3933 quidem
541 3868 617 3912 usus
636 3852 694 3915 est.
737 3848 817 3913 nem'
834 3847 878 3912 nd
894 3852 1057 3911 externam
1076 3846 1214 3930 speeiem
1233 3846 1402 3931 respiciens

326 3954 445 4023 nnllam
466 3956 603 4040 reperies
624 3961 681 4021 aut
702 3953 845 4021 dictionis
861 3959 918 4019 eut
928 3953 1143 4038 dispositionis
1157 3952 1401 4032 similitudinem

326 4062 412 4149 quod
435 4082 512 4127 sene
534 4062 648 4127 mirum
669 4067 761 4139 esset,
785 4061 811 4126 si
825 4060 1029 4145 praecipuum
1042 4064 1202 4125 auctorem
1215 4059 1402 4127 Plutarchus

325 4170 489 4238 inbuisset
502 4167 674 4254 Polybium
705 4173 801 4252 etque
816 4172 958 4252 pugnent
975 4164 1071 4233 eliam
1085 4166 1168 4231 inter
1182 4186 1225 4244 ss,
1241 4186 1313 4233 unm
1326 4165 1401 4231 Plu-

324 4276 454 4345 tarchus
470 4274 577 4359 prodit
591 4274 774 4341 Marcellum
789 4279 860 4339 octo
876 4273 1115 4357 quinqueremes
1129 4292 1192 4337 uno
1201 4292 1317 4355 magno
1328 4272 1401 4358 iugo

324 4383 489 4466 colligasse
502 4381 536 4444 in
550 4376 1154 4468 eoquesambummexstruxissellllll,
1178 4378 1230 4455 173
1246 4369 1316 4457 XV,
1333 4379 1400 4464 19),
1451 4461 1453 4464 v

324 4488 473 4575 Polybius
488 4491 595 4552 eutem
609 4482 743 4550 dilucide
766 4485 909 4568 explicat?
922 4489 995 4549 octo
1017 4480 1286 4572 quinqueremiuuu
1300 4483 1400 4562 binae,

324 4596 417 4665 alleri
439 4594 533 4659 remis
551 4590 674 4657 deutris
694 4590 786 4656 alteri
806 4590 941 4659 sinistris
957 4590 1099 4674 demptis
1118 4588 1273 4677 nudisque
1292 4588 1400 4656 lateti-

326 4700 388 4769 bus
414 4698 580 4785 capellulis,
608 4696 741 4782 siugulis
766 4696 922 4764 comburis
943 4697 1173 4763 inshnctus'ac
1196 4695 1284 4761 uelut
1305 4715 1401 4762 unum
