3417 5567
750 658 969 726 ..39-

320 890 389 937 mos
412 893 432 937 a
453 872 586 957 pristina
608 873 786 938 sinceritate
808 893 848 938 ac
861 874 1031 939 seueritate
1051 877 1217 952 auerteret,
1240 875 1395 959 signifieat

321 980 430 1047 Liuius
454 984 540 1058 XXV,
568 979 624 1057 40,
655 980 780 1064 copiose
809 980 958 1063 explanat
985 980 1172 1047 Plutarchus
1197 983 1278 1047 11111.
1325 984 1397 1049 tum‘

322 1086 518 1152 consentiens
541 1108 612 1151 cum
633 1086 724 1151 Liuio
739 1088 854 1174 (XXVI,
871 1086 930 1172 21)
952 1086 1059 1171 prodit
1079 1087 1262 1153 Marcellum
1282 1089 1393 1154 hium-

320 1194 384 1278 pho
402 1192 434 1279 ²³)
463 1197 587 1276 negato,
616 1193 691 1280 quia
718 1193 858 1258 nondum
886 1192 1080 1259 debellatum
1107 1198 1189 1258 esset
1215 1194 1250 1258 in
1277 1192 1393 1272 Sicilia,

321 1300 354 1363 in
384 1302 491 1364 monte
524 1297 647 1364 Albano
696 1298 905 1383 triumphasse
939 1303 1034 1386 atque
1078 1304 1226 1367 ouantem
1261 1300 1294 1363 in
1326 1316 1393 1367 >ur-

323 1406 394 1471 bem
421 1406 556 1469 intrasse
579 1405 696 1491 (llllll).
746 1424 827 1492 quae
849 1424 926 1469 nero
947 1404 988 1469 (16
1009 1404 1160 1492 triumphi
1182 1410 1215 1469 et
1236 1404 1394 1471 ouationis

321 1511 498 1577 discrimine
529 1531 568 1575 ac
596 1508 636 1573 de
654 1510 779 1575 nomine
802 1509 956 1575 ouationis
979 1509 1125 1575 disseruit
1145 1510 1332 1577 Plutarchus
1354 1532 1395 1576 ex

321 1638 415 1707 opere
443 1618 558 1705 aliquo,
586 1615 670 1703 quod
698 1616 903 1703 antiquitates
934 1616 1092 1692 Romanas
1120 1616 1394 1705 complectebatur,

320 1725 422 1813 petita
443 1744 512 1789 esse
532 1723 733 1789 manifestum
756 1728 811 1788 est.
840 1728 1023 1788 accusams
1045 1743 1122 1788 uero
1141 1723 1257 1789 nimiae
1278 1724 1396 1812 iniqui·

320 1831 397 1897 tatis
424 1850 462 1895 ac
490 1828 683 1894 crudelitatis
706 1849 726 1893 a
748 1827 860 1893 Siculis
882 1828 1049 1894 Mancellus
1071 1829 1142 1917 pari
1161 1829 1256 1895 modo
1278 1852 1394 1915 purga-

320 1943 373 2002 tur
395 1956 434 2001 ac
451 1933 600 2005 laudibus
623 1934 798 1999 celebratur
820 1933 873 2021 (cf.
889 1934 1080 1999 contrarium
1093 1934 1243 2001 iudicium
1256 1935 1394 2025 Appiani

319 2042 404 2109 Sicil.
426 2042 449 2106 4
477 2045 509 2106 61
536 2039 668 2106 Diodori
690 2040 800 2124 fragm.
822 2039 895 2105 libri
917 2040 1032 2125 llll-Vl).
1083 2061 1155 2107 eum
1177 2042 1260 2106 enim
1282 2062 1316 2107 se
1337 2042 1393 2107 de·

304 2128 455 2217 'tendisse
477 2148 511 2212 in
532 2153 645 2213 senatu
667 2168 772 2213 coram
787 2146 1075 2225 calumniatoribus,
1096 2147 1276 2213 absolutum
1290 2154 1395 2214 autem

319 2257 446 2326 ueniam
466 2253 646 2343 petentibus
667 2254 822 2337 ignouisse
849 2258 947 2337 atque
974 2253 1137 2341 exquisitis
1161 2254 1332 2320 honoribus
1354 2254 1396 2321 ab

318 2366 358 2430 iis
380 2362 529 2431 affectum
555 2380 621 2425 esse
641 2363 776 2447 ‘uterque
796 2364 905 2424 narrat
938 2359 1035 2446 (Plut
1064 2362 1171 2437 xx1113
1200 2360 1269 2425 Idu.
1293 2363 1393 2440 XXVI,

319 2470 476 2555 29-32).
528 2466 567 2531 de
600 2466 727 2549 singulis
762 2470 869 2531 autem
888 2465 947 2529 'ita
976 2465 1059 2529 inter
1091 2486 1126 2529 se
1148 2465 1336 2551 discrepant,
1358 2470 1397 2532 ut
1482 2559 1484 2562 Ι
1541 2525 1545 2532 a

319 2577 428 2642 Liuius
456 2572 616 2639 Plutarchi
643 2571 713 2638 lons
739 2571 849 2638 haberi
877 2592 942 2637 uon
968 2572 1076 2659 possit
1120 2592 1223 2659 neque
1246 2592 1324 2660 opus
1346 2578 1396 2639 est

320 2702 429 2749 omnes
451 2679 676 2767 discrepantias
698 2698 779 2765 quae
801 2678 878 2743 satis
900 2678 1084 2761 conspicuae
1107 2679 1170 2744 sint
1191 2698 1384 2744 enumerare

439 2785 468 2852 A
501 2785 606 2873 capite
635 2789 859 2851 xxiv-*XXVI
889 2785 1017 2872 propius
1055 2784 1230 2850 Plutarchi>
1255 2787 1395 2851 narratio

322 2893 444 2961 accedit
472 2892 514 2957 ad
541 2891 674 2957 Liuium.
712 2912 800 2960 -nam
822 2890 862 2955 de
884 2891 1014 2973 singule
1034 2891 1129 2957 rebus
1150 2891 1238 2956 domi
1258 2891 1396 2979 bellique

278 2988 283 2995 ⁵
322 3002 402 3067 actis
428 3000 482 3063 ita
502 2998 709 3075 consentiunt,
742 3000 779 3064 ut
801 2998 889 3085 quae'
902 2997 1002 3062 fusius
1023 2998 1132 3063 Liuius
1153 3000 1298 3086 exposrut
1319 2999 1395 3064 Plu·

323 3108 451 3174 tarchus
473 3106 506 3171 in
533 3104 660 3170 breuius
690 3104 826 3187 coegisse
854 3102 1000 3169 uideatur
1029 3104 1116 3190 (Liu.
1140 3108 1262 3182 xxvii,
1292 3106 1395 3182 1-2;

323 3214 428 3291 4—53
445 3212 600 3296 12—14).
623 3210 932 3299 praetereainsignia
945 3208 1101 3297 quaedam
1112 3195 1197 3275 dicta
1206 3209 1349 3276 Marcelli
1362 3218 1396 3276 et
1440 3242 1449 3272 1

323 3320 510 3387 Hannibalis
538 3317 622 3406 apud
649 3323 815 3405 utrrrmque
836 3318 883 3382 ita
905 3321 1087 3405 comparata
1108 3321 1192 3394 sunt,
1213 3322 1251 3381 ut
1270 3317 1395 3383 Plutar-

325 3428 403 3494 chus
426 3425 509 3491 Liuii
531 3424 629 3490 uerba
653 3425 783 3490 uertisse
805 3422 959 3489 uideatur.
982 3423 1103 3488 accedit
1123 3423 1209 3511 quod
1231 3424 1299 3512 ipse
1321 3425 1395 3490 Plu-

323 3534 450 3600 tarchus
479 3535 580 3610 xxiv,
609 3530 652 3595 20
680 3530 723 3595 ad
755 3530 881 3596 Liuium
898 3531 1091 3618 prouocauit.
1137 3530 1192 3595 sed
1213 3532 1396 3619 priusquam

323 3637 528 3705 diiudicemus
558 3636 640 3702 hanc
662 3637 898 3724 quaestionem,
920 3637 1015 3725 paulo
1041 3638 1217 3702 accuratius
1238 3637 1395 3702 inlocum

323 3748 357 3812 in
387 3764 451 3833 quo
484 3742 567 3807 Liuii
610 3762 723 3807 nomen
760 3741 908 3808 laudatur
940 3764 960 3807 a
992 3740 1161 3807 Plutarcho
1192 3743 1394 3829 inquiramus.
1527 3749 1536 3763 '

323 3857 492 3939 postquam
524 3850 607 3913 enim
639 3848 780 3913 nameuit
812 3846 867 3915 On.
899 3848 1046 3915 Fuluium
1076 3848 1294 3936 proconsulem
1324 3871 1395 3914 cum

324 3958 463 4023 exercitu
491 3956 628 4021 deletum
655 3975 722 4024 csse
743 3954 822 4019 haec
844 3953 935 4019 dicit:
959 3953 1109 4042 ἔπεμψεν
1130 3955 1326 4041 (Marcellus)
1349 3957 1394 4031 εἷς

323 4062 451 4153 Ῥώμην
473 4060 642 4150 γράμματα
662 4058 736 4139 τούς
758 4063 889 4137 πολίτας
911 4063 1103 4148 παρακαλῶν
1124 4058 1275 4149 doq’o‘etv·
1300 4060 1394 4139 αὐτὸς

323 4169 382 4259 γὰρ
413 4166 474 4259 ἤθη
508 4172 649 4255 βαδίζειν
681 4164 723 4243 οἷς
756 4167 909 4253 ἀφέλοιτο
939 4164 999 4255 τὴν
1029 4165 1133 4254 χαρὰν
1161 4171 1216 4235 τοῦ
1247 4168 1394 4253 Ἀννίβου.

322 4420 536 4436 W

429 4544 452 4608 *l
472 4544 576 4595 Notatur
598 4541 761 4593 Plutarchum
783 4540 878 4593 reform
900 4542 998 4593 tertium
1020 4541 1168 4606 triumphum
1187 4540 1304 4605 petinisse
1322 4540 1394 4588 Mar·
1491 4608 1499 4619 ,

322 4632 413 4686 cellum
441 4634 466 4683 in
495 4646 575 4699 eaque
594 4632 708 4697 opinione
726 4632 835 4696 perstare
858 4630 886 4680 in
909 4644 986 4697 comp.
1005 4629 1091 4695 Pelop.
1112 4630 1136 4680 et
1152 4630 1233 4679 Marc.
1251 4627 1299 4686 ΙΙΙ,
1318 4625 1394 4677 altero

321 4722 446 4788 triumpho
464 4736 546 4787 neque
565 4721 597 4772 ab
615 4723 668 4787 ipso
688 4736 769 4786 neque
788 4720 820 4771 ab
838 4719 890 4771 ullo
908 4724 1009 4772 auctore
1027 4723 1219 4771 commemorato.
