3417 5567
755 620 1100 687 ,35-Χ

318 834 419 919 ipsius
452 832 611 901 Plutarchi
647 833 860 900 testimonium
896 832 971 918 (XI,
1008 833 1165 916 22-27).
1208 853 1283 899 nam
1304 838 1390 917 poste

320 960 417 1023 quum
454 946 491 1005 ut
526 940 590 1005 iem
622 940 798 1006 monuimus
840 938 882 1005 de
919 938 1045 1009 aciebus
1082 939 1242 1005 instructis
1278 960 1299 1003 a
1336 932 1390 1003 Li·

320 1046 373 1111 uio
417 1045 603 1113 dissentiens
647 1046 840 1130 emptionem
879 1067 899 1110 e
938 1044 1089 1113 Macelo
1132 1046 1166 1113 in
1201 1046 1306 1114 hostes
1341 1045 1390 1111 fe·

320 1158 405 1219 otum
442 1153 585 1220 narrauit
615 1154 661 1218 ita
697 1154 815 1236 pergit:
865 1156 1027 1235 Λέγοοται
1058 1149 1117 1238 γὰρ
1155 1147 1239 1237 ὑπὲρ
1277 1174 1389 1217 ποντα·

318 1259 495 1341 κιοχιλλοος
516 1257 706 1340 ambacu,
728 1258 912 1327 ἀποκιελναι
932 1254 969 1322 δὲ
991 1253 1157 1341 Ῥωμαίων
1179 1255 1218 1325 οὐ
1241 1258 1390 1331 πλείονας

318 1362 342 1455 ἢ
364 1368 601 1440 πεντακοσίους.
639 1359 678 1430 ‘0
700 1361 737 1431 δὲ
758 1368 879 1449 Λίβιος
901 1360 983 1432 οὕτω
1005 1360 1066 1447 μέν
1089 1361 1127 1430 οὐ
1151 1364 1391 1448 διαβεβαιοῦται

317 1475 471 1554 γενέσθαι
492 1467 633 1559 μεγάλην
653 1457 750 1560 ἧττον
770 1467 850 1537 οὐδὲ
863 1478 972 1538 moso
985 1471 1115 1553 νοκροῦς
1135 1467 1304 1547 τοσούτοις
1329 1456 1390 1537 ecte

317 1578 493 1660 πολεμίων,
514 1578 605 1652 κλέος
627 1573 665 1642 δέ
678 1579 762 1660 μέγα
774 1576 954 1663 Μαρκέλλῳ
977 1575 1029 1642 καὶ
1043 1570 1212 1659 Ῥωμαίοις
1236 1574 1272 1643 ἐκ
1285 1577 1390 1643 κακῶν

317 1679 442 1769 θάρσος
469 1676 535 1749 ἀπὸ
556 1680 612 1772 mic
638 1678 744 1770 μάχης
771 1676 893 1769 ἐκείνης
926 1677 1065 1766 ὑπάρξαι
1093 1679 1298 1766 θαυμαστὸν,
1327 1681 1389 1766 οὐχ

318 1784 363 1864 οἷς
386 1785 466 1875 πρὸς
488 1782 615 1872 ἄμαχον
637 1783 715 1854 οὐδὲ
734 1785 900 1877 ἀήττητον,
922 1785 1005 1854 ἀλλά
1025 1813 1055 1853 τι
1075 1788 1127 1855 καὶ
1150 1794 1273 1856 παθεῖν
1293 1787 1387 1859 δονά-

316 1918 416 1979 μενον
434 1895 710 1977 διαγωνιζομένοις
737 1895 904 1976 πολέμιον.
952 1895 1091 1977 respexit
1124 1901 1230 1961 autem
1262 1897 1388 1963 Plutar-

317 2001 396 2067 chus
424 2000 467 2066 ad
491 1998 561 2065 Liu.
587 1998 710 2076 XXIII,
738 2000 781 2063 16
803 2004 832 2082 ξ.
856 1998 1002 2064 15-16ε
1025 2001 1100 2077 „uix
1122 2001 1267 2085 equidem
1288 2004 1389 2070 ausim

317 2107 475 2173 affirmare
502 2105 587 2190 quod
615 2105 743 2189 quidem
777 2111 919 2173 auctores
946 2109 1020 2171 sunt
1041 2104 1104 2172 duo
1126 2106 1213 2173 milia
1233 2114 1266 2173 et
1287 2112 1388 2177 octin-

317 2218 429 2297 gentos
461 2210 598 2277 hostium
629 2228 737 2281 caesos
767 2231 831 2277 uon
863 2210 935 2294 plus
967 2211 1143 2295 quingentis
1176 2213 1388 2283 Romanorum

317 2319 449 2387 amisis
489 2316 550 2385 sed
583 2318 649 2383 siue
680 2321 771 2384 tanta
799 2317 865 2383 siue
892 2317 993 2382 minor
1020 2318 1152 2383 matema
1178 2318 1247 2398 fuit,
1278 2324 1387 2410 ingens

318 2447 357 2494 eo
384 2425 435 2493 die
454 2412 513 2491 'res
540 2444 578 2491 ac
604 2425 709 2492 nescio
731 2446 773 2491 en
796 2424 934 2489 maxima
954 2423 1008 2489 illo
1030 2423 1114 2491 bello
1134 2432 1224 2509 gesta
1244 2429 1301 2495 sits
1323 2453 1388 2497 non

318 2532 404 2599 uinci
429 2532 513 2597 enim
540 2531 581 2615 ab
607 2530 785 2599 Hannibale
811 2530 1008 2596 innuentibus
1034 2531 1189 2603 difficilius
1211 2534 1275 2603 fuit
1292 2556 1387 2622 quam

317 2645 429 2725 postea
453 2639 610 2705 uincere.“
660 2660 732 2714 eum
757 2638 853 2722 igitur
879 2659 1109 2733 necessarum
1131 2640 1258 2724 quidem
1278 2666 1387 2713 nume·

317 2767 390 2812 rum
410 2746 466 2830 qui
485 2746 520 2810 in
542 2744 652 2832 eodem
673 2745 756 2813 Liuii
776 2744 845 2813 loco
856 2750 925 2811 erat
940 2783 983 2794 -
994 2765 1097 2829 neque
1117 2767 1282 2816 numerum
1303 2753 1387 2836 apud

316 2852 443 2919 linium
467 2857 654 2936 surruptum
689 2872 772 2929 esse,
805 2860 997 2935 quamquam
1027 2858 1167 2919 exuema
1197 2855 1260 2922 loci
1290 2860 1387 2927 uerba

317 2962 467 3042 corrupta
487 2970 554 3025 esse
575 2958 638 3023 ium
659 2956 778 3023 dudum
801 2958 959 3040 cognitum
980 2961 1038 3035 est,
1060 2952 1313 3031 classicam
1331 2986 1388 3032 cur
1446 3032 1454 3047 ,

316 3066 510 3150 sumpiccmur
532 3102 574 3113 --
607 3065 761 3149 receperit
781 3063 977 3141 Plutarchus,
1005 3069 1096 3148 patet
1123 3084 1144 3131 ο
1167 3066 1259 3133 Liuio
1288 3068 1387 3137 solam

316 3172 405 3239 illam
431 3171 618 3237 sententiam
643 3154 775 3256 petitam
802 3190 880 3247 esse,
908 3190 1071 3237 caesorum
1097 3178 1203 3239 autem
1223 3194 1387 3243 numerum

317 3301 381 3345 non
411 3279 515 3344 minus
546 3282 642 3362 quani
673 3283 809 3345 ceteram
835 3277 882 3342 rei
904 3282 1010 3361 gestae
1031 3279 1242 3347 narrationem
1264 3302 1304 3347 ex
1324 3284 1388 3351 alio

316 3384 404 3451 fonte
426 3388 553 3467 sumpta
574 3404 651 3449 esse.
707 3404 745 3449 ec
776 3382 859 3447 liuii
886 3384 984 3452 uerba
1005 3404 1045 3449 na
1066 3384 1238 3468 inspexisse
1261 3389 1387 3472 quidem

317 3508 389 3559 cum
410 3492 514 3558 locum
540 3492 630 3557 illum
651 3491 775 3575 scripsit
797 3490 853 3557 scd
876 3512 915 3555 ex
936 3492 1084 3564 memoria
1105 3492 1277 3561 reddidisse
1298 3496 1387 3563 uide-

317 3602 370 3665 tur
391 3597 588 3675 Plutarchus,
610 3598 686 3682 quia
699 3617 811 3681 parum
827 3602 972 3663 seducte
987 3598 1053 3663 eius
1075 3599 1264 3667 sententiam
1284 3606 1387 3668 trans-

316 3703 401 3781 tulit,
423 3702 489 3769 ulia
508 3703 639 3783 eddidit,
655 3704 717 3769 elia
738 3704 875 3769 inuertit.
898 3704 1021 3769 etiamsi
1036 3709 1178 3771 extrema
1192 3704 1275 3771 Liuii
1290 3708 1387 3775 uerba

316 3831 381 3877 non
401 3810 468 3876 iam
487 3810 610 3894 integra
630 3816 714 3888 sunt,
735 3815 843 3878 tamen
866 3830 961 3893 quam
982 3812 1170 3905 seutentiam
1190 3815 1388 3897 proposuerit

316 3915 425 3986 liuius
447 3936 510 3981 non
530 3921 636 4000 potest
650 3915 778 3983 dubium
793 3936 869 3982 esse.
914 3922 982 3982 erat
1002 3917 1068 3987 fere
1088 3918 1176 3984 talis:
1198 3940 1282 3996 „non
1304 3922 1388 3989 uinci

316 4022 401 4089 enim
415 4021 457 4088 ab
471 4021 650 4089 Hannibale
658 4022 748 4089 uince
756 4021 800 4111 [re
816 4020 1024 4111 disce]ntibus
1042 4022 1197 4089 difficilius
1212 4024 1274 4090 fuit
1288 4048 1385 4110 quam

315 4132 427 4213 pastea
448 4128 610 4207 uincere,“
639 4129 719 4195 deut
746 4127 939 4211 Madwigius,
966 4129 1085 4196 emend.
1112 4130 1182 4195 Liu.
1210 4152 1282 4215 pag.
1310 4134 1386 4211 262,

316 4250 367 4302 mu
382 4235 403 4297 2
418 4234 591 4317 proposuit.
613 4233 663 4303 ub·
683 4254 747 4317 que
767 4233 937 4317 plurimum
959 4234 1076 4301 dutare
1098 4256 1180 4318 ques
1200 4235 1387 4303 Plutarchus

315 4338 447 4409 exhibet
464 4339 663 4406 manifestum
684 4344 741 4405 cst.
769 4378 813 4388 -
834 4358 937 4422 neque
964 4340 1063 4424 magis
1084 4340 1248 4425 Polybium
1269 4342 1388 4410 fontem

314 4444 477 4518 Plutarchi
503 4444 608 4524 fuisse,
636 4464 827 4531 quemquam
854 4445 957 4529 ipsum
978 4444 1019 4511 de
1040 4445 1089 4511 his
1111 4445 1204 4511 rebus
1227 4450 1387 4521 consulere

315 4550 406 4625 nohis
434 4572 499 4617 nen
527 4551 611 4631 licet,
632 4552 718 4625 houd
739 4551 834 4618 dubie
856 4551 1013 4636 colligitur
1034 4571 1074 4617 ex
1096 4571 1133 4618 eo
1156 4552 1240 4635 quod
1262 4553 1387 4619 Plutar-

316 4657 393 4729 chus
422 4657 538 4724 iustam
565 4657 651 4743 apud
679 4657 792 4727 Nolam
814 4656 982 4727 nonme
999 4657 1182 4725 Marcellum
1204 4657 1243 4722 de
1266 4660 1386 4728 Hanni·

1145 4766 1174 4818 3.
1353 4778 1357 4784 .
