3417 5567
747 623 966 689 ...33-

322 838 435 903 hauom
455 835 609 903 exteriore
624 835 733 903 ordine
745 842 903 903 ramerum
916 840 1004 901 actas
1018 853 1087 899 esse
1102 833 1203 920 (VIII,
1218 834 1263 919 6).
1296 855 1396 922 quam

319 950 389 1009 tam
422 942 579 1026 copiosam
598 962 648 1009 ,ac
679 943 796 1009 claram
827 941 1068 1025 descriptionem
1098 939 1221 1024 Polybii
1242 940 1298 1027 qui
1318 944 1395 1005 ante

321 1050 429 1115 oeulos
459 1048 558 1115 habet
587 1053 623 1113 ut
650 1068 821 1132 perperam
844 1048 1068 1133 interpretetur
1097 1046 1166 1111 fieri
1192 1059 1257 1111 non
1278 1050 1393 1129 potest

321 1157 429 1245 itaque
448 1174 581 1221 ⁴necesse
603 1160 652 1221 est
672 1160 709 1221 ut
730 1155 829 1221 chum
847 1154 1034 1222 Plutrrchus
1054 1152 1201 1219 habuerit
1222 1159 1393 1230 auctorem,

321 1262 377 1349 qui
402 1267 590 1347 apparatum
616 1262 757 1327 Marcelli
785 1267 841 1326 aut
860 1262 943 1327 item
971 1282 1008 1326 ac
1034 1259 1220 1325 Plutarchus
1241 1264 1298 1325 aut
1318 1259 1393 1324 stri-

321 1367 397 1432 ctim
427 1388 466 1432 aa
485 1368 599 1433 minus
628 1367 711 1433 olarc
741 1366 948 1450 descripserit,
979 1371 1017 1431 ut
1036 1366 1126 1431 illum
1144 1384 1248 1431 errore
1269 1366 1393 1450 lapsum

322 1492 391 1537 esse
421 1473 525 1557 putari
558 1474 666 1557 possit.
719 1472 841 1539 amedit
871 1471 957 1560 quod
992 1472 1072 1537 alter
1102 1492 1200 1538 naues
1225 1492 1291 1537 una
1320 1493 1392 1537 cum

322 1578 469 1645 machina
504 1579 560 1645 illa
604 1578 770 1647 sambucae
809 1580 945 1663 speciem
984 1577 1163 1662 praebuisse
1194 1578 1274 1669 (Pol.
1306 1578 1393 1656 VIII,

323 1685 377 1770 6),
399 1685 479 1751 alter
500 1685 602 1769 ipsam
634 1686 810 1753 machinam
834 1685 1003 1751 sambucae
1035 1684 1168 1750 similem
1188 1684 1284 1750 fuisse
1314 1685 1392 1751 dicit

323 1790 419 1878 (Plut.
442 1792 511 1870 XV,
541 1792 611 1878 20).
666 1800 705 1859 ac
735 1793 871 1859 sirecte
892 1792 1018 1858 linium
1038 1791 1160 1875 Polybii
1180 1791 1392 1857 narrationem

200 1881 202 1885 Α
322 1897 386 1963 fere
419 1898 585 1983 integram⁴
614 1900 759 1966 exhibere
796 1878 973 1978 statuimus,
1004 1899 1137 1965 fortasse
1166 1899 1328 1965 Plutarchi
1359 1906 1393 1966 ct

321 2004 443 2089 Polybii
474 2006 640 2073 discrimen
670 2006 911 2073 existimandum
938 2011 1001 2084 est,
1035 2006 1120 2093 quod
1147 2005 1256 2071 Liuius
1291 2006 1391 2085 XXV,

320 2112 365 2177 23
388 2117 417 2195 5.
441 2113 461 2177 3
496 2111 572 2178 dicit
599 2119 732 2191 turrem,
755 2114 845 2179 iuxta
872 2135 967 2201 quam
990 2112 1124 2178 Romani
1143 2130 1267 2177 murum
1288 2118 1391 2179 trans-

322 2219 522 2298 scendebant,
552 2222 703 2287 intentius
731 2220 921 2287 custoditam
954 2240 1031 2298 esse,
1064 2202 1253 2285 Plutarchus
1286 2225 1392 2285 autem

320 2324 438 2403 XVIII,
465 2327 508 2391 13
535 2332 654 2392 turrem
681 2326 813 2398 candem
833 2325 990 2411 praesidio
1004 2326 1173 2393 defensam
1194 2347 1263 2391 esse
1283 2326 1391 2392 tradit

320 2431 428 2518 itaque
456 2432 482 2496 si
510 2451 568 2497 nec
595 2432 703 2499 Liuius
731 2453 789 2498 nec
815 2432 964 2517 Polybius
984 2432 1054 2499 ione
1075 2432 1136 2498 fuit
1155 2432 1327 2511 Plutarchi,
1348 2435 1391 2499 si·

320 2536 532 2605 militudinem
561 2559 641 2626 quae
663 2538 726 2604 alia
744 2559 816 2604 esse
843 2543 950 2622 potest
974 2559 1072 2605 causa
1092 2559 1189 2625 quam
1210 2539 1294 2604 idem
1316 2545 1350 2605 et
1370 2561 1392 2605 a

321 2642 450 2727 Polybio
479 2648 514 2709 et
547 2665 567 2709 a
599 2643 768 2709 Plutarcho
799 2649 967 2729 usrnpatus
997 2649 1117 2733 auctor,
1143 2665 1238 2731 quem
1258 2644 1391 2711 Fabium

321 2749 477 2817 Pictorem
505 2770 572 2815 esse
600 2770 696 2833 supra
723 2748 933 2837 probauimus.
963 2785 1006 2797 -—
1035 2755 1092 2816 aut
1111 2751 1209 2834 ipsius
1229 2751 1392 2817 Plutarchi

321 2854 484 2922 doctrinae
498 2860 557 2921 aut
576 2855 647 2921 aliis
670 2854 808 2921 fontibus
830 2854 1019 2938 sumenda
1039 2861 1114 2921 sunt
1134 2876 1216 2942 quae
1237 2856 1278 2922 de
1299 2856 1390 2923 disci·

321 2961 408 3046 plina
440 2962 622 3027 mechanica
653 2967 687 3027 et
705 2962 914 3046 praestantia
946 2963 1149 3045 geometriae,
1181 2962 1223 3029 de
1254 2963 1391 3030 moribus

321 3067 491 3156 dirnnoque
521 3068 644 3153 ingenio
676 3069 872 3135 Archimedis
904 3068 1077 3153 disputabit
1110 3068 1209 3156 (XIV,
1243 3069 1389 3146 21-603

321 3174 427 3252 XVII,
456 3175 611 3260 16-47).
656 3196 674 3241 e
700 3175 797 3241 uariis
820 3173 1000 3241 auctoribus
1021 3174 1271 3240 narratiunculas
1292 3175 1389 3241 iuter-

321 3281 395 3349 fecti
408 3302 437 3347 a
459 3280 558 3347 milite
579 3280 721 3347 &mano
742 3280 948 3347 Archimedis
960 3280 1151 3363 congessisse
1173 3279 1307 3345 uidetur.
1340 3285 1400 3346 at·r

318 3402 384 3475 oue
403 3388 537 3471 primam
558 3409 666 3455 earum
680 3388 778 3455 Fabio
792 3388 910 3455 Pictori
926 3386 1033 3455 deberi
1054 3386 1123 3453 ueri
1136 3387 1237 3453 simile
1255 3393 1316 3465 est,
1338 3406 1389 3453 oe·

320 3502 459 3563 terarum
487 3501 594 3561 autem
621 3501 765 3563 auctores
792 3495 847 3583 qui
873 3494 990 3561 fuerint
1020 3493 1165 3561 indicari-
1185 3514 1250 3560 non
1276 3497 1390 3577 potest,

320 3603 395 3691 quia
422 3601 476 3689 qui
502 3602 676 3667 accuratius
703 3600 743 3669 de
771 3606 874 3667 morte
899 3600 1093 3668 Archimedis
1121 3604 1251 3683 egerunt
1272 3598 1389 3685 (Valet.

320 3710 404 3777 Man
427 3709 566 3787 VIIII
591 3713 653 3775 ext.
678 3710 715 3786 ῖς
739 3709 851 3777 Zoner.
873 3708 929 3786 IX,
950 3707 991 3785 53
1018 3708 1058 3775 ci.
1080 3707 1182 3775 Treta.
1203 3705 1313 3788 fragm
1336 3726 1389 3773 su·

320 3837 379 3901 pra
396 3815 577 3901 ¹laudatum)
598 3836 671 3881 oum
691 3815 780 3882 nulla
801 3815 988 3899 conspirant
1041 3835 1125 3903 quae
1147 3816 1230 3900 (cap.
1253 3812 1328 3900 XX)
1350 3812 1390 3881 da

320 3922 411 3991 Nicia
433 3927 633 4007 exponuntur
652 3942 671 3988 e
690 3920 858 3989 Posidonio
879 3942 949 3989 esse
960 3921 1096 4006 sumpta
1115 3921 1184 4007 ipse
1204 3918 1391 3989 Plutarchus

320 4029 477 4114 professos
494 4033 556 4095 est.
792 4056 795 4067 ²

411 4134 472 4207 -Ut
494 4139 589 4201 antea
606 4135 682 4201 item
703 4134 737 4201 in
759 4134 797 4201 iis
820 4156 902 4223 quse
919 4140 1069 4201 secamur
1088 4132 1242 4218 capitibus
1264 4132 1391 4202 iuraui-

322 4235 448 4307 uersum
476 4230 631 4307 eonsentIt
650 4241 840 4310 Plutarchus
859 4262 931 4307 oum
948 4241 1060 4319 rhime,
1082 4241 1137 4328 qui
1159 4239 1243 4306 'solus
1265 4238 1391 4308 easdem

320 4364 371 4413 res
392 4345 487 4429 paulo
509 4347 643 4431 amplius
665 4346 818 4415 amauit
844 4345 1047 4413 ,Marcellum
1067 4346 1260 4413 ornamentis
1281 4351 1391 4431 capla·

320 4450 634 4537 rumsymcusarum
651 4452 877 4541 pulcherrimis
902 4451 1035 4518 Romam
1059 4450 1231 4537 deportatis
1256 4453 1392 4536 primum

321 4556 479 4625 Romanos
503 4558 697 4628 Graecarum
718 4559 834 4625 artium
855 4579 953 4643 opera
972 4558 1080 4625 miram
1102 4557 1254 4635 doerrisse,
1275 4558 1391 4630 mue

321 4686 400 4737 nnn
413 4670 519 4731 eutem
541 4666 692 4731 inuidiam
705 4664 765 4733 sibi
780 4664 982 4743 mananseo,
1003 4670 1166 4753 umquam
1185 4664 1302 4733 amun
1323 4666 1391 4733 aui·
