3417 5567
744 651 965 716 -23-

314 860 388 927 latis
418 861 514 945 signis
541 865 716 945 pugnatum
744 881 813 927 esse
835 867 994 945 negantes,
1017 866 1125 927 tamen
1145 861 1349 929 Plutarchum
1371 884 1391 927 a

314 967 407 1033 Lirrio
433 967 570 1051 pendere
598 966 811 1056 uixeogitari
831 972 947 1051 potest,
970 967 1046 1052 quia
1066 967 1176 1033 Liuius
1198 969 1294 1035 nimio
1317 968 1390 1033 bre-

314 1075 425 1139 uitatis
454 1073 558 1138 studio
585 1073 756 1139 Minucium
776 1074 899 1157 impetu
919 1075 953 1139 in
975 1080 1078 1139 castra
1099 1074 1285 1140 Hannibalis
1306 1076 1391 1143 facto

314 1181 423 1247 hostes
436 1178 680 1264 perturbantese,
702 1178 906 1245 redeuntibus
926 1184 1032 1245 autem
1045 1180 1284 1265 populatoribus
1299 1188 1390 1248 caute

315 1306 385 1351 sese
406 1287 560 1370 recepisse
583 1307 738 1370 exponere
760 1287 876 1351 omisit
920 1286 1047 1352 leuioris
1068 1286 1215 1371 ponderis
1230 1295 1304 1355 sunt
1325 1290 1390 1356 dis-

314 1393 461 1471 crimina,
490 1392 576 1477 quod
603 1393 748 1458 tribunus
775 1393 876 1477 plebis
904 1393 959 1477 qui
986 1393 1098 1477 urrlgus
1126 1401 1237 1459 contra
1257 1393 1390 1460 Fabium

313 1499 489 1565 Maximum
511 1497 703 1564 accendebat
723 1519 787 1563 non
808 1498 954 1564 Metellus
977 1498 1033 1563 sed
1054 1498 1191 1565 Metilius
1214 1501 1390 1585 appellatur

314 1628 335 1671 a
355 1605 537 1684 Plutarcho,
559 1605 663 1670 altera
676 1605 743 1669 eius
757 1605 859 1670 oratio
882 1604 943 1693 (Pl.
966 1605 1006 1683 X,
1030 1606 1087 1691 10)
1109 1626 1174 1671 uon
1195 1610 1283 1671 extat
1304 1606 1390 1690 apud

312 1712 449 1790 Liuium,
472 1717 583 1778 conta
602 1732 625 1776 a
645 1710 813 1776 Plutarcho
839 1711 928 1776 nulla
949 1711 1099 1777 Valsenis
1114 1712 1232 1805 mentio
1246 1712 1284 1777 tit
1305 1713 1410 1799 (Liu.>

314 1818 419 1896 XXII,
431 1817 475 1883 25
487 1824 517 1900 ξ.
528 1816 596 1904 18),
623 1816 709 1900 quod
722 1816 874 1897 maiorem
887 1816 1073 1889 Plutarchus
1087 1838 1184 1902 quam
1194 1818 1303 1883 Lirim
1314 1838 1389 1902 ope-

313 1946 384 1990 ram
411 1928 511 1992 nouat
541 1921 756 2007 depingendae
782 1923 933 2006 mamati
954 1943 996 2009 aa,
1014 1925 1220 2002 constantiae,
1242 1944 1306 2009 qua
1326 1924 1389 1990 Fa·

313 2031 385 2098 bius
412 2030 560 2096 iniuriam
586 2030 696 2115 populi
723 2035 820 2114 atque
840 2030 1117 2115 intemperantiam
1138 2030 1279 2115 magistri
1301 2030 1388 2113 equi·

314 2144 383 2203 tum
413 2137 521 2203 tulerit
547 2136 581 2200 in
608 2154 727 2219 suoque
749 2136 879 2201 consilio
901 2136 1083 2221 perstiterit,
1104 2135 1191 2220 quod
1212 2135 1320 2201 Limus
1343 2136 1389 2201 le-

313 2243 459 2329 gionibus
481 2242 590 2308 diuisis
611 2241 712 2307 Fabio
734 2241 903 2307 secundnm
918 2246 951 2306 et
972 2242 1099 2306 tertiam
1121 2244 1263 2308 euenisse
1283 2242 1388 2319 refert,

312 2348 503 2415 Plutarchus
517 2348 551 2434 *)
578 2347 713 2432 primam
740 2352 773 2412 et
800 2353 947 2431 quartam
976 2348 1005 2412 ei
1033 2347 1213 2431 assignauit.
1269 2349 1390 2433 insigne

312 2455 403 2533 illud,
432 2456 518 2539 quod
539 2454 655 2520 Fabius
676 2474 749 2519 oum
768 2454 942 2520 Minucium
962 2454 996 2519 in
1017 2453 1147 2521 insidias
1169 2455 1390 2539 praecipitasse

312 2562 438 2627 uideret
465 2560 599 2626 edidisse
626 2561 739 2627 dicitm
766 2561 827 2649 (Pl.
856 2561 933 2640 XII,
968 2562 1094 2639 9-11;
1129 2561 1198 2628 Liu
1221 2563 1269 2627 29.
1288 2567 1319 2645 §-
1342 2563 1388 2647 1),

312 2674 444 2753 propter
471 2668 661 2733 breuitatem
688 2667 854 2733 obscurum
882 2674 931 2732 est
952 2666 1037 2752 apud
1053 2668 1191 2746 Liuium,
1213 2668 1389 2735 accuratim

313 2779 347 2839 et
374 2773 489 2839 clarius
522 2772 706 2857 exprimitur
733 2794 754 2837 a.
775 2772 954 2839 Plutarcho.
998 2773 1063 2838 iam
1083 2793 1160 2838 uero
1182 2773 1320 2838 animum
1340 2774 1389 2838 in-

311 2880 481 2945 tendamus
514 2878 556 2943 ad
589 2879 746 2944 orationes
777 2878 915 2957 Minucii,
948 2899 1028 2962 quas
1057 2878 1205 2945 exhibent
1226 2879 1335 2945 Liuius
1357 2885 1390 2945 et

314 2984 502 3051 Plutarchus
536 2984 597 3071 (Pl.
620 2984 713 3061 XIII;
741 2984 811 3049 Liu.
834 2986 878 3049 29
893 2991 923 3067 ξ.
940 2985 978 3061 8;
1006 2985 1050 3049 30
1065 2990 1094 3068 ἓ.
1110 2984 1155 3070 5).
1179 2991 1296 3070 ‘atque
1318 3006 1389 3051 ora·

312 3093 416 3157 tiones
439 3090 567 3174 quidem
580 3091 705 3156 nonita
722 3090 814 3155 anxie
836 3089 962 3155 Liuium
984 3089 1026 3155 ad
1046 3074 1245 3157 'fontes'suos
1267 3112 1389 3157 accom-

312 3197 508 3274 modauisse,
546 3196 603 3262 sed
642 3216 737 3280 saepe
776 3195 974 3279 eloquentiae
1009 3194 1220 3279 indulgentem
1253 3195 1389 3275 finxisse,

312 3307 439 3391 saepius
468 3305 577 3370 tenuia
598 3310 783 3388 argumenta
804 3325 822 3369 e
843 3304 983 3370 fontibus
997 3305 1100 3389 petita
1121 3308 1283 3370 oratorum
1303 3322 1390 3367 more

293 3410 521 3497 amplificasse
543 3415 576 3476 et
597 3431 725 3476 ornasse
747 3410 823 3475 satis
845 3410 1043 3494 exploratum
1066 3415 1122 3475 est.
1152 3410 1198 3475 ita
1212 3415 1390 3475 nostrarum

312 3519 491 3585 orationum
505 3520 592 3581 totus
607 3520 736 3582 ornatus
757 3515 841 3581 Liuii
857 3517 982 3599 ingenio
1003 3514 1187 3582 tribuendus
1211 3519 1260 3580 est
1281 3519 1314 3579 et
1329 3534 1387 3579 an·

287 3645 383 3717 ‘sam
405 3622 566 3707 quandam
594 3621 714 3687 datad
741 3619 985 3700 diiudicandum,
1009 3642 1089 3705 quas
1111 3622 1194 3687 ratic
1215 3619 1390 3685 intercedat

311 3732 396 3797 inter
416 3730 541 3795 Liuium
570 3734 603 3794 et
629 3727 842 3794 Plutarchum.
887 3749 926 3795 ac
946 3727 1152 3794 brndamenta
1173 3725 1298 3811 quidem
1318 3745 1389 3790 ora-

312 3838 437 3903 tionum
458 3835 636 3901 communia
657 3854 725 3899 esse
739 3834 908 3899 Plutarcho
931 3855 1002 3899 cum
1016 3834 1107 3900 Iiuio
1130 3836 1276 3918 apparet3
1298 3829 1389 3895 habi-

311 3950 365 4010 tus
397 3963 475 4008 uero
507 3946 593 4007 totus
615 3961 742 4025 prorsus
763 3961 827 4006 non
862 3941 997 4007 conciuit
1024 3962 1095 4005 oum
1118 3960 1165 4017 eo,
1188 3938 1243 4003 sed
1264 3936 1390 4003 uidetur

312 4155 527 4167 ..—--—·

421 4259 444 4324 ‘l
464 4258 602 4313 Occasione
620 4259 679 4311 data
696 4262 794 4312 notetur
813 4258 980 4325 discrepantia
993 4258 1116 4326 quaedam
1134 4258 1237 4326 Polybii
1250 4260 1321 4325 (103.
1334 4259 1389 4325 20),

313 4366 365 4417 qua
382 4349 545 4401 Plutarchum
567 4366 617 4400 non
634 4364 707 4400 usum
725 4364 779 4400 asse
798 4364 827 4400 eo
851 4349 1015 4402 confirmatur.
1051 4348 1113 4399 dicit
1130 4350 1196 4399 enim
1213 4346 1318 4399 Faqum
1336 4348 1389 4399 Mi·

312 4441 388 4491 nucio
412 4441 536 4505 optionem
558 4418 665 4497 dediise,
689 4437 896 4504 quemadmodum
919 4441 1026 4505 aequato
1048 4438 1150 4502 imperio
1169 4438 1205 4487 uti
1223 4434 1315 4495 mallet,
1333 4450 1389 4485 oum

311 4530 401 4580 Liuius
425 4531 449 4579 ct
470 4526 622 4580 Plutarchus
643 4526 753 4592 produnt
779 4526 845 4593 (Liu.
870 4526 905 4578 27
924 4526 949 4594 ξ.
969 4528 1068 4587 5-11;
1091 4523 1131 4577 Pl.
1155 4524 1189 4584 X,
1216 4523 1332 4584 scs-203
1355 4520 1387 4573 ot

312 4616 369 4669 Dio.
383 4614 453 4668 (lass.
471 4614 502 4667 lr.
521 4617 588 4667 Peir.
607 4616 654 4676 483
674 4616 732 4667 Zon.
750 4614 815 4666 VIII
831 4630 857 4680 p.
879 4614 937 4674 193,
958 4613 1071 4677 16-20)
1091 4612 1194 4664 Fabium
1214 4616 1323 4679 tempora
1341 4613 1388 4662 im-

313 4707 379 4771 perii
395 4706 483 4771 partiri
502 4704 621 4767 noluisse,
640 4704 685 4756 sed
703 4709 731 4755 ut
747 4703 859 4769 legiones
877 4703 1047 4756 diuiderentnr
1064 4702 1205 4755 obtinuisse.
