<?xml version="1.0" encoding="UTF-8"?>
<!DOCTYPE html PUBLIC "-//W3C//DTD XHTML 1.0 Transitional//EN"
    "http://www.w3.org/TR/xhtml1/DTD/xhtml1-transitional.dtd">
<html xmlns="http://www.w3.org/1999/xhtml" xml:lang="en" lang="en">
 <head>
  <title>
</title>
<meta http-equiv="Content-Type" content="text/html;charset=utf-8" />
  <meta name='ocr-system' content='tesseract 3.04.00' />
  <meta name='ocr-capabilities' content='ocr_page ocr_carea ocr_par ocr_line ocrx_word'/>
</head>
<body>
  <div class='ocr_page' id='page_1' title='image "./quibusfontibusp01buchgoog_0096.png"; bbox 0 0 3417 5567; ppageno 0'>
   <div class='ocr_carea' id='block_1_1' title="bbox 744 646 963 712">
    <p class='ocr_par' dir='ltr' id='par_1_1' title="bbox 744 646 963 712">
     <span class='ocr_line' id='line_1_1' title="bbox 744 646 963 712; baseline -0.009 -17"><span class='ocrx_word' id='word_1_1' title='bbox 744 646 963 712; x_wconf 60' lang='lat'><strong>„36..</strong></span> 
     </span>
    </p>
   </div>
   <div class='ocr_carea' id='block_1_2' title="bbox 319 798 1392 947">
    <p class='ocr_par' dir='ltr' id='par_1_2' title="bbox 319 798 1392 947">
     <span class='ocr_line' id='line_1_2' title="bbox 319 798 1392 947; baseline 0 -20"><span class='ocrx_word' id='word_1_2' title='bbox 319 861 391 927; x_wconf 86' lang='lat' dir='ltr'>hale</span> <span class='ocrx_word' id='word_1_3' title='bbox 405 829 616 947; x_wconf 82' lang='lat' dir='ltr'>reportauiese</span> <span class='ocrx_word' id='word_1_4' title='bbox 629 798 728 927; x_wconf 72' lang='lat' dir='ltr'>tradit</span> <span class='ocrx_word' id='word_1_5' title='bbox 748 858 835 947; x_wconf 83' lang='lat' dir='ltr'>(IIII,</span> <span class='ocrx_word' id='word_1_6' title='bbox 851 859 1088 946; x_wconf 83' lang='lat' dir='ltr'>l&#39;l)„Pclybius</span> <span class='ocrx_word' id='word_1_7' title='bbox 1101 867 1208 927; x_wconf 86' lang='lat' dir='ltr'>autem</span> <span class='ocrx_word' id='word_1_8' title='bbox 1221 859 1392 927; x_wconf 75' lang='lat' dir='ltr'>identidem</span> 
     </span>
    </p>
   </div>
   <div class='ocr_carea' id='block_1_3' title="bbox 319 967 1392 1052">
    <p class='ocr_par' dir='ltr' id='par_1_3' title="bbox 319 967 1392 1052">
     <span class='ocr_line' id='line_1_3' title="bbox 319 967 1392 1052; baseline -0.001 -20"><span class='ocrx_word' id='word_1_9' title='bbox 319 972 394 1032; x_wconf 90' lang='lat' dir='ltr'>aute</span> <span class='ocrx_word' id='word_1_10' title='bbox 416 967 536 1033; x_wconf 80' lang='lat' dir='ltr'><strong>cladem</strong></span> <span class='ocrx_word' id='word_1_11' title='bbox 557 967 642 1052; x_wconf 91' lang='lat' dir='ltr'>apud</span> <span class='ocrx_word' id='word_1_12' title='bbox 663 968 792 1035; x_wconf 85' lang='lat' dir='ltr'>Zamam</span> <span class='ocrx_word' id='word_1_13' title='bbox 820 973 983 1051; x_wconf 75' lang='lat' dir='ltr'><strong>acceptam</strong></span> <span class='ocrx_word' id='word_1_14' title='bbox 1003 986 1163 1050; x_wconf 87' lang='lat' dir='ltr'>nunquam</span> <span class='ocrx_word' id='word_1_15' title='bbox 1184 968 1309 1032; x_wconf 89' lang='lat' dir='ltr'>uictum·</span> <span class='ocrx_word' id='word_1_16' title='bbox 1324 986 1392 1031; x_wconf 87' lang='lat' dir='ltr'>ease</span> 
     </span>
    </p>
   </div>
   <div class='ocr_carea' id='block_1_4' title="bbox 159 1043 1116 1159">
    <p class='ocr_par' dir='ltr' id='par_1_4' title="bbox 159 1043 1116 1159">
     <span class='ocr_line' id='line_1_4' title="bbox 159 1043 1116 1159; baseline 0 -22"><span class='ocrx_word' id='word_1_17' title='bbox 159 1043 169 1058; x_wconf 87' lang='lat'><em>&#39;</em></span> <span class='ocrx_word' id='word_1_18' title='bbox 267 1088 268 1093; x_wconf 12' lang='grc' dir='ltr'><strong><em>Ν</em></strong></span> <span class='ocrx_word' id='word_1_19' title='bbox 319 1070 529 1139; x_wconf 70' lang='lat' dir='ltr'>armenem</span> <span class='ocrx_word' id='word_1_20' title='bbox 550 1073 711 1139; x_wconf 72' lang='lat' dir='ltr'>conanae</span> <span class='ocrx_word' id='word_1_21' title='bbox 733 1070 806 1156; x_wconf 80' lang='lat' dir='ltr'>(xv</span> <span class='ocrx_word' id='word_1_22' title='bbox 830 1075 888 1150; x_wconf 80' lang='lat'>113</span> <span class='ocrx_word' id='word_1_23' title='bbox 912 1068 970 1150; x_wconf 87' lang='lat' dir='ltr'>re;</span> <span class='ocrx_word' id='word_1_24' title='bbox 991 1073 1048 1151; x_wconf 86' lang='lat' dir='ltr'>rx,</span> <span class='ocrx_word' id='word_1_25' title='bbox 1071 1074 1116 1159; x_wconf 83' lang='lat' dir='ltr'>a).</span> 
     </span>
    </p>
   </div>
   <div class='ocr_carea' id='block_1_5' title="bbox 424 1174 1392 1263">
    <p class='ocr_par' dir='ltr' id='par_1_5' title="bbox 424 1174 1392 1263">
     <span class='ocr_line' id='line_1_5' title="bbox 424 1174 1392 1263; baseline -0.003 -18"><span class='ocrx_word' id='word_1_26' title='bbox 424 1174 497 1245; x_wconf 87' lang='lat' dir='ltr'>Non</span> <span class='ocrx_word' id='word_1_27' title='bbox 511 1180 587 1244; x_wconf 92' lang='lat' dir='ltr'>item</span> <span class='ocrx_word' id='word_1_28' title='bbox 609 1178 754 1245; x_wconf 88' lang='lat' dir='ltr'>subsidiis</span> <span class='ocrx_word' id='word_1_29' title='bbox 775 1200 794 1245; x_wconf 90' lang='lat' dir='ltr'>e</span> <span class='ocrx_word' id='word_1_30' title='bbox 814 1179 928 1263; x_wconf 91' lang='lat' dir='ltr'>quibus</span> <span class='ocrx_word' id='word_1_31' title='bbox 947 1178 988 1243; x_wconf 92' lang='lat' dir='ltr'>de</span> <span class='ocrx_word' id='word_1_32' title='bbox 1010 1178 1170 1243; x_wconf 78' lang='lat' dir='ltr'><strong>Plutarchi</strong></span> <span class='ocrx_word' id='word_1_33' title='bbox 1190 1178 1277 1243; x_wconf 79' lang='lat' dir='ltr'>fonte</span> <span class='ocrx_word' id='word_1_34' title='bbox 1292 1177 1392 1243; x_wconf 86' lang='lat' dir='ltr'>conici</span> 
     </span>
    </p>
   </div>
   <div class='ocr_carea' id='block_1_6' title="bbox 169 1285 1391 1373">
    <p class='ocr_par' dir='ltr' id='par_1_6' title="bbox 169 1285 1391 1373">
     <span class='ocr_line' id='line_1_6' title="bbox 169 1285 1391 1373; baseline -0.001 -23"><span class='ocrx_word' id='word_1_35' title='bbox 169 1363 175 1373; x_wconf 90' lang='lat'><em>.</em></span> <span class='ocrx_word' id='word_1_36' title='bbox 319 1285 420 1368; x_wconf 90' lang='lat' dir='ltr'>possit</span> <span class='ocrx_word' id='word_1_37' title='bbox 440 1306 581 1351; x_wconf 88' lang='lat' dir='ltr'>caremus</span> <span class='ocrx_word' id='word_1_38' title='bbox 602 1286 635 1351; x_wconf 91' lang='lat' dir='ltr'>in</span> <span class='ocrx_word' id='word_1_39' title='bbox 658 1304 697 1351; x_wconf 86' lang='lat' dir='ltr'>ee</span> <span class='ocrx_word' id='word_1_40' title='bbox 719 1306 800 1369; x_wconf 89' lang='lat' dir='ltr'>quae</span> <span class='ocrx_word' id='word_1_41' title='bbox 821 1286 963 1369; x_wconf 81' lang='lat' dir='ltr'>aequitum</span> <span class='ocrx_word' id='word_1_42' title='bbox 974 1286 1062 1350; x_wconf 82' lang='lat' dir='ltr'>uitae</span> <span class='ocrx_word' id='word_1_43' title='bbox 1081 1291 1183 1370; x_wconf 79' lang='lat' dir='ltr'>parte,</span> <span class='ocrx_word' id='word_1_44' title='bbox 1204 1286 1238 1352; x_wconf 90' lang='lat' dir='ltr'>in</span> <span class='ocrx_word' id='word_1_45' title='bbox 1259 1305 1324 1367; x_wconf 88' lang='lat' dir='ltr'>qua</span> <span class='ocrx_word' id='word_1_46' title='bbox 1337 1304 1391 1349; x_wconf 88' lang='lat' dir='ltr'>oc·</span> 
     </span>
    </p>
   </div>
   <div class='ocr_carea' id='block_1_7' title="bbox 318 1392 1411 2757">
    <p class='ocr_par' dir='ltr' id='par_1_7' title="bbox 318 1392 1411 2757">
     <span class='ocr_line' id='line_1_7' title="bbox 319 1392 1392 1477; baseline 0.001 -22"><span class='ocrx_word' id='word_1_47' title='bbox 319 1392 407 1475; x_wconf 88' lang='lat' dir='ltr'>piese</span> <span class='ocrx_word' id='word_1_48' title='bbox 429 1392 647 1458; x_wconf 88' lang='lat' dir='ltr'>describuntur</span> <span class='ocrx_word' id='word_1_49' title='bbox 669 1392 842 1477; x_wconf 83' lang='lat' dir='ltr'>Syracusae</span> <span class='ocrx_word' id='word_1_50' title='bbox 860 1414 885 1457; x_wconf 90' lang='lat' dir='ltr'>a</span> <span class='ocrx_word' id='word_1_51' title='bbox 904 1392 1055 1457; x_wconf 81' lang='lat' dir='ltr'>Marcello</span> <span class='ocrx_word' id='word_1_52' title='bbox 1075 1397 1275 1476; x_wconf 68' lang='lat' dir='ltr'><strong>oppugnatae</strong></span> <span class='ocrx_word' id='word_1_53' title='bbox 1294 1396 1392 1475; x_wconf 88' lang='lat' dir='ltr'>atque</span> 
     </span>
     <span class='ocr_line' id='line_1_8' title="bbox 321 1497 1391 1585; baseline -0.001 -23"><span class='ocrx_word' id='word_1_54' title='bbox 321 1504 517 1581; x_wconf 79' lang='lat' dir='ltr'>expugnatae</span> <span class='ocrx_word' id='word_1_55' title='bbox 539 1498 775 1585; x_wconf 71' lang='lat' dir='ltr'>(xffl-xlxy</span> <span class='ocrx_word' id='word_1_56' title='bbox 811 1520 887 1565; x_wconf 90' lang='lat' dir='ltr'>nam</span> <span class='ocrx_word' id='word_1_57' title='bbox 907 1504 1032 1581; x_wconf 80' lang='lat' dir='ltr'>praeter</span> <span class='ocrx_word' id='word_1_58' title='bbox 1052 1498 1155 1563; x_wconf 82' lang='lat' dir='ltr'>husam</span> <span class='ocrx_word' id='word_1_59' title='bbox 1176 1497 1259 1561; x_wconf 84' lang='lat' dir='ltr'>Liuii</span> <span class='ocrx_word' id='word_1_60' title='bbox 1281 1517 1391 1561; x_wconf 87' lang='lat' dir='ltr'>narra-</span> 
     </span>
     <span class='ocr_line' id='line_1_9' title="bbox 320 1603 1393 1691; baseline 0 -24"><span class='ocrx_word' id='word_1_61' title='bbox 320 1603 437 1673; x_wconf 87' lang='lat' dir='ltr'>tionem</span> <span class='ocrx_word' id='word_1_62' title='bbox 459 1604 587 1691; x_wconf 89' lang='lat' dir='ltr'>(XXIV,</span> <span class='ocrx_word' id='word_1_63' title='bbox 610 1604 709 1683; x_wconf 81' lang='lat'>4-7;</span> <span class='ocrx_word' id='word_1_64' title='bbox 732 1606 882 1681; x_wconf 81' lang='lat'>21--39;</span> <span class='ocrx_word' id='word_1_65' title='bbox 896 1604 995 1682; x_wconf 86' lang='lat' dir='ltr'>XXV,</span> <span class='ocrx_word' id='word_1_66' title='bbox 1018 1604 1164 1688; x_wconf 70' lang='lat' dir='ltr'>att-31)</span> <span class='ocrx_word' id='word_1_67' title='bbox 1179 1603 1265 1668; x_wconf 89' lang='lat' dir='ltr'>haud</span> <span class='ocrx_word' id='word_1_68' title='bbox 1279 1603 1393 1685; x_wconf 81' lang='lat' dir='ltr'>exigua</span> 
     </span>
     <span class='ocr_line' id='line_1_10' title="bbox 320 1708 1391 1797; baseline -0.003 -22"><span class='ocrx_word' id='word_1_69' title='bbox 320 1708 496 1793; x_wconf 81' lang='lat' dir='ltr'>fregrnenta</span> <span class='ocrx_word' id='word_1_70' title='bbox 505 1710 629 1797; x_wconf 91' lang='lat' dir='ltr'>Polybii</span> <span class='ocrx_word' id='word_1_71' title='bbox 640 1717 806 1795; x_wconf 81' lang='lat' dir='ltr'>supersunt</span> <span class='ocrx_word' id='word_1_72' title='bbox 816 1711 900 1797; x_wconf 87' lang='lat' dir='ltr'>(VII,</span> <span class='ocrx_word' id='word_1_73' title='bbox 913 1710 1012 1787; x_wconf 75' lang='lat'><strong>2-73</strong></span> <span class='ocrx_word' id='word_1_74' title='bbox 1026 1710 1112 1787; x_wconf 83' lang='lat' dir='ltr'>VIII,</span> <span class='ocrx_word' id='word_1_75' title='bbox 1124 1710 1226 1786; x_wconf 74' lang='lat'>5-93</span> <span class='ocrx_word' id='word_1_76' title='bbox 1242 1710 1302 1786; x_wconf 77' lang='lat'>363</span> <span class='ocrx_word' id='word_1_77' title='bbox 1323 1709 1391 1792; x_wconf 80' lang='lat'><strong>37).</strong></span> 
     </span>
     <span class='ocr_line' id='line_1_11' title="bbox 318 1814 1392 1903; baseline 0.001 -23"><span class='ocrx_word' id='word_1_78' title='bbox 318 1814 454 1901; x_wconf 81' lang='lat' dir='ltr'>Appiani</span> <span class='ocrx_word' id='word_1_79' title='bbox 476 1838 571 1883; x_wconf 89' lang='lat' dir='ltr'>unum</span> <span class='ocrx_word' id='word_1_80' title='bbox 593 1818 800 1902; x_wconf 69' lang='lat' dir='ltr'>fragmentum</span> <span class='ocrx_word' id='word_1_81' title='bbox 823 1823 979 1902; x_wconf 80' lang='lat' dir='ltr'>superstes</span> <span class='ocrx_word' id='word_1_82' title='bbox 1006 1822 1057 1882; x_wconf 86' lang='lat' dir='ltr'>eat</span> <span class='ocrx_word' id='word_1_83' title='bbox 1078 1816 1175 1903; x_wconf 83' lang='lat' dir='ltr'>(Sicil.</span> <span class='ocrx_word' id='word_1_84' title='bbox 1197 1818 1251 1901; x_wconf 79' lang='lat'>4),</span> <span class='ocrx_word' id='word_1_85' title='bbox 1272 1818 1307 1883; x_wconf 89' lang='lat' dir='ltr'>iu</span> <span class='ocrx_word' id='word_1_86' title='bbox 1328 1838 1392 1900; x_wconf 90' lang='lat' dir='ltr'>quc</span> 
     </span>
     <span class='ocr_line' id='line_1_12' title="bbox 320 1920 1391 2007; baseline 0 -20"><span class='ocrx_word' id='word_1_87' title='bbox 320 1924 442 1988; x_wconf 88' lang='lat' dir='ltr'>crimini</span> <span class='ocrx_word' id='word_1_88' title='bbox 468 1923 563 1989; x_wconf 74' lang='lat' dir='ltr'>dattrr</span> <span class='ocrx_word' id='word_1_89' title='bbox 589 1924 738 1999; x_wconf 88' lang='lat' dir='ltr'>Marcello</span> <span class='ocrx_word' id='word_1_90' title='bbox 767 1923 852 2007; x_wconf 92' lang='lat' dir='ltr'>quod</span> <span class='ocrx_word' id='word_1_91' title='bbox 874 1924 972 1989; x_wconf 88' lang='lat' dir='ltr'>nimia</span> <span class='ocrx_word' id='word_1_92' title='bbox 993 1920 1179 1990; x_wconf 82' lang='lat' dir='ltr'>crudelitate</span> <span class='ocrx_word' id='word_1_93' title='bbox 1201 1944 1239 1987; x_wconf 90' lang='lat' dir='ltr'>ac</span> <span class='ocrx_word' id='word_1_94' title='bbox 1258 1921 1391 2007; x_wconf 83' lang='lat' dir='ltr'>pertidia</span> 
     </span>
     <span class='ocr_line' id='line_1_13' title="bbox 319 2021 1392 2097; baseline 0.001 -3"><span class='ocrx_word' id='word_1_95' title='bbox 319 2030 352 2094; x_wconf 92' lang='lat' dir='ltr'>in</span> <span class='ocrx_word' id='word_1_96' title='bbox 374 2030 474 2096; x_wconf 85' lang='lat' dir='ltr'>uictos</span> <span class='ocrx_word' id='word_1_97' title='bbox 502 2028 622 2097; x_wconf 76' lang='lat' dir='ltr'>Siculos</span> <span class='ocrx_word' id='word_1_98' title='bbox 653 2031 917 2097; x_wconf 85' lang='lat' dir='ltr'>animaduerterit.</span> <span class='ocrx_word' id='word_1_99' title='bbox 962 2028 1050 2096; x_wconf 86' lang='lat' dir='ltr'>nulla</span> <span class='ocrx_word' id='word_1_100' title='bbox 1070 2021 1159 2095; x_wconf 57' lang='lat' dir='ltr'>ratiox</span> <span class='ocrx_word' id='word_1_101' title='bbox 1175 2030 1321 2096; x_wconf 83' lang='lat' dir='ltr'>habenda</span> <span class='ocrx_word' id='word_1_102' title='bbox 1341 2037 1392 2095; x_wconf 80' lang='lat' dir='ltr'>est</span> 
     </span>
     <span class='ocr_line' id='line_1_14' title="bbox 320 2133 1393 2226; baseline -0.001 -24"><span class='ocrx_word' id='word_1_103' title='bbox 320 2137 429 2203; x_wconf 89' lang='lat' dir='ltr'>Dionis</span> <span class='ocrx_word' id='word_1_104' title='bbox 458 2137 556 2203; x_wconf 82' lang='lat' dir='ltr'>Cassii</span> <span class='ocrx_word' id='word_1_105' title='bbox 585 2138 684 2226; x_wconf 83' lang='lat' dir='ltr'>(apud</span> <span class='ocrx_word' id='word_1_106' title='bbox 713 2138 814 2203; x_wconf 82' lang='lat' dir='ltr'>Tacta.</span> <span class='ocrx_word' id='word_1_107' title='bbox 837 2138 915 2204; x_wconf 84' lang='lat' dir='ltr'>Ghil.</span> <span class='ocrx_word' id='word_1_108' title='bbox 939 2138 971 2202; x_wconf 91' lang='grc' dir='ltr'>Π</span> <span class='ocrx_word' id='word_1_109' title='bbox 992 2133 1142 2215; x_wconf 74' lang='lat' dir='ltr'>histee,</span> <span class='ocrx_word' id='word_1_110' title='bbox 1166 2136 1314 2222; x_wconf 75' lang='lat'>24-35)</span> <span class='ocrx_word' id='word_1_111' title='bbox 1335 2143 1393 2201; x_wconf 85' lang='lat' dir='ltr'>aut</span> 
     </span>
     <span class='ocr_line' id='line_1_15' title="bbox 320 2243 1411 2329; baseline 0.003 -20"><span class='ocrx_word' id='word_1_112' title='bbox 320 2246 460 2311; x_wconf 85' lang='lat' dir='ltr'>Zonaras</span> <span class='ocrx_word' id='word_1_113' title='bbox 492 2244 548 2323; x_wconf 78' lang='lat' dir='ltr'>Ili,</span> <span class='ocrx_word' id='word_1_114' title='bbox 582 2244 613 2322; x_wconf 82' lang='lat'>5,</span> <span class='ocrx_word' id='word_1_115' title='bbox 647 2266 725 2329; x_wconf 89' lang='lat' dir='ltr'>quos</span> <span class='ocrx_word' id='word_1_116' title='bbox 756 2262 827 2310; x_wconf 87' lang='lat' dir='ltr'>cum</span> <span class='ocrx_word' id='word_1_117' title='bbox 861 2250 988 2329; x_wconf 85' lang='lat' dir='ltr'>praeter</span> <span class='ocrx_word' id='word_1_118' title='bbox 1014 2244 1093 2309; x_wconf 84' lang='lat' dir='ltr'>alias</span> <span class='ocrx_word' id='word_1_119' title='bbox 1114 2243 1274 2309; x_wconf 82' lang='lat' dir='ltr'>machinas</span> <span class='ocrx_word' id='word_1_120' title='bbox 1296 2243 1411 2312; x_wconf 70' lang='lat' dir='ltr'>etiam&#39;</span> 
     </span>
     <span class='ocr_line' id='line_1_16' title="bbox 321 2347 1391 2437; baseline -0.003 -20"><span class='ocrx_word' id='word_1_121' title='bbox 321 2352 447 2437; x_wconf 88' lang='lat' dir='ltr'>apecula</span> <span class='ocrx_word' id='word_1_122' title='bbox 468 2353 510 2419; x_wconf 87' lang='lat' dir='ltr'>ad</span> <span class='ocrx_word' id='word_1_123' title='bbox 531 2350 739 2435; x_wconf 71' lang='lat' dir='ltr'>incendendae</span> <span class='ocrx_word' id='word_1_124' title='bbox 760 2352 970 2417; x_wconf 88' lang='lat' dir='ltr'>Romanorum</span> <span class='ocrx_word' id='word_1_125' title='bbox 984 2365 1084 2416; x_wconf 85' lang='lat' dir='ltr'>naues</span> <span class='ocrx_word' id='word_1_126' title='bbox 1096 2347 1313 2416; x_wconf 79' lang='lat' dir='ltr'>Archimedem</span> <span class='ocrx_word' id='word_1_127' title='bbox 1333 2349 1391 2414; x_wconf 85' lang='lat' dir='ltr'>cd·</span> 
     </span>
     <span class='ocr_line' id='line_1_17' title="bbox 320 2457 1392 2543; baseline -0.001 -21"><span class='ocrx_word' id='word_1_128' title='bbox 320 2457 458 2525; x_wconf 89' lang='lat' dir='ltr'>hibuisse</span> <span class='ocrx_word' id='word_1_129' title='bbox 480 2464 652 2525; x_wconf 88' lang='lat' dir='ltr'>memorent</span> <span class='ocrx_word' id='word_1_130' title='bbox 672 2478 813 2543; x_wconf 84' lang='lat' dir='ltr'>-quae</span> <span class='ocrx_word' id='word_1_131' title='bbox 835 2458 945 2523; x_wconf 80' lang='lat' dir='ltr'>fabula</span> <span class='ocrx_word' id='word_1_132' title='bbox 965 2458 1050 2541; x_wconf 86' lang='lat' dir='ltr'>apud</span> <span class='ocrx_word' id='word_1_133' title='bbox 1071 2458 1191 2522; x_wconf 85' lang='lat' dir='ltr'>nullum</span> <span class='ocrx_word' id='word_1_134' title='bbox 1212 2462 1392 2521; x_wconf 85' lang='lat' dir='ltr'>nostrcmm</span> 
     </span>
     <span class='ocr_line' id='line_1_18' title="bbox 320 2559 1391 2649; baseline -0.002 -20"><span class='ocrx_word' id='word_1_135' title='bbox 320 2570 483 2631; x_wconf 88' lang='lat' dir='ltr'>auctorum</span> <span class='ocrx_word' id='word_1_136' title='bbox 512 2564 647 2631; x_wconf 80' lang='lat' dir='ltr'>occurit</span> <span class='ocrx_word' id='word_1_137' title='bbox 679 2604 722 2613; x_wconf 85' lang='lat'><em>-</em></span> <span class='ocrx_word' id='word_1_138' title='bbox 754 2562 937 2649; x_wconf 85' lang='lat' dir='ltr'>posterioris</span> <span class='ocrx_word' id='word_1_139' title='bbox 967 2564 1082 2628; x_wconf 66' lang='lat' dir='ltr'>aeteus</span> <span class='ocrx_word' id='word_1_140' title='bbox 1116 2559 1296 2628; x_wconf 86' lang='lat' dir='ltr'>auctoribus</span> <span class='ocrx_word' id='word_1_141' title='bbox 1317 2582 1391 2627; x_wconf 87' lang='lat' dir='ltr'>usos</span> 
     </span>
     <span class='ocr_line' id='line_1_19' title="bbox 321 2662 1392 2757; baseline -0.003 -21"><span class='ocrx_word' id='word_1_142' title='bbox 321 2692 389 2737; x_wconf 85' lang='lat' dir='ltr'>ease</span> <span class='ocrx_word' id='word_1_143' title='bbox 420 2662 619 2757; x_wconf 81' lang='lat' dir='ltr'>perspicuum</span> <span class='ocrx_word' id='word_1_144' title='bbox 651 2678 707 2737; x_wconf 90' lang='lat' dir='ltr'>est.</span> <span class='ocrx_word' id='word_1_145' title='bbox 762 2670 917 2755; x_wconf 82' lang='lat' dir='ltr'>prnfieieei</span> <span class='ocrx_word' id='word_1_146' title='bbox 947 2686 1024 2735; x_wconf 77' lang='lat' dir='ltr'>uere</span> <span class='ocrx_word' id='word_1_147' title='bbox 1056 2668 1151 2733; x_wconf 89' lang='lat' dir='ltr'>dehet</span> <span class='ocrx_word' id='word_1_148' title='bbox 1183 2674 1252 2734; x_wconf 85' lang='lat' dir='ltr'>tcta</span> <span class='ocrx_word' id='word_1_149' title='bbox 1283 2674 1392 2734; x_wconf 74' lang='lat' dir='ltr'>matra</span> 
     </span>
    </p>
   </div>
   <div class='ocr_carea' id='block_1_8' title="bbox 196 2774 1392 2865">
    <p class='ocr_par' dir='ltr' id='par_1_8' title="bbox 196 2774 1392 2865">
     <span class='ocr_line' id='line_1_20' title="bbox 196 2774 1392 2865; baseline -0.005 -20"><span class='ocrx_word' id='word_1_150' title='bbox 196 2812 200 2823; x_wconf 43' lang='grc' dir='ltr'><strong>ν</strong></span> <span class='ocrx_word' id='word_1_151' title='bbox 320 2780 463 2864; x_wconf 79' lang='lat' dir='ltr'>quaestio</span> <span class='ocrx_word' id='word_1_152' title='bbox 486 2800 506 2845; x_wconf 93' lang='lat' dir='ltr'>a</span> <span class='ocrx_word' id='word_1_153' title='bbox 526 2777 666 2864; x_wconf 84' lang='lat' dir='ltr'>Polybio,</span> <span class='ocrx_word' id='word_1_154' title='bbox 682 2798 776 2863; x_wconf 88' lang='lat' dir='ltr'>quem</span> <span class='ocrx_word' id='word_1_155' title='bbox 791 2774 982 2865; x_wconf 84' lang='lat' dir='ltr'>amplissime</span> <span class='ocrx_word' id='word_1_156' title='bbox 1001 2794 1052 2841; x_wconf 84' lang='lat' dir='ltr'>res</span> <span class='ocrx_word' id='word_1_157' title='bbox 1073 2775 1195 2841; x_wconf 82' lang='lat' dir='ltr'>Siculas</span> <span class='ocrx_word' id='word_1_158' title='bbox 1215 2775 1392 2840; x_wconf 82' lang='lat' dir='ltr'>narrauisse</span> 
     </span>
    </p>
   </div>
   <div class='ocr_carea' id='block_1_9' title="bbox 320 2880 1394 4778">
    <p class='ocr_par' dir='ltr' id='par_1_9' title="bbox 320 2880 1394 4778">
     <span class='ocr_line' id='line_1_21' title="bbox 320 2880 1392 2969; baseline -0.006 -18"><span class='ocrx_word' id='word_1_159' title='bbox 320 2885 495 2969; x_wconf 85' lang='lat' dir='ltr'>fragmenta</span> <span class='ocrx_word' id='word_1_160' title='bbox 526 2889 681 2951; x_wconf 86' lang='lat' dir='ltr'>testentur</span> <span class='ocrx_word' id='word_1_161' title='bbox 713 2882 864 2967; x_wconf 78' lang='lat' dir='ltr'>cuiusque</span> <span class='ocrx_word' id='word_1_162' title='bbox 894 2883 1076 2967; x_wconf 84' lang='lat' dir='ltr'>fragmentis</span> <span class='ocrx_word' id='word_1_163' title='bbox 1104 2882 1195 2969; x_wconf 89' lang='lat' dir='ltr'>copia</span> <span class='ocrx_word' id='word_1_164' title='bbox 1220 2881 1312 2947; x_wconf 89' lang='lat' dir='ltr'>nobis</span> <span class='ocrx_word' id='word_1_165' title='bbox 1333 2880 1392 2947; x_wconf 77' lang='lat' dir='ltr'>tint</span> 
     </span>
     <span class='ocr_line' id='line_1_22' title="bbox 322 2986 1391 3057; baseline -0.006 0"><span class='ocrx_word' id='word_1_166' title='bbox 322 3012 387 3057; x_wconf 89' lang='lat' dir='ltr'>non</span> <span class='ocrx_word' id='word_1_167' title='bbox 415 2993 517 3057; x_wconf 90' lang='lat' dir='ltr'>solum</span> <span class='ocrx_word' id='word_1_168' title='bbox 543 2991 583 3057; x_wconf 91' lang='lat' dir='ltr'>de</span> <span class='ocrx_word' id='word_1_169' title='bbox 609 2990 691 3057; x_wconf 88' lang='lat' dir='ltr'>Liuii</span> <span class='ocrx_word' id='word_1_170' title='bbox 712 2991 769 3057; x_wconf 91' lang='lat' dir='ltr'>sed</span> <span class='ocrx_word' id='word_1_171' title='bbox 791 2991 887 3055; x_wconf 87' lang='lat' dir='ltr'>etiam</span> <span class='ocrx_word' id='word_1_172' title='bbox 909 2989 949 3054; x_wconf 90' lang='lat' dir='ltr'>de</span> <span class='ocrx_word' id='word_1_173' title='bbox 971 2986 1132 3054; x_wconf 84' lang='lat' dir='ltr'>Plutarchi</span> <span class='ocrx_word' id='word_1_174' title='bbox 1153 2988 1294 3053; x_wconf 82' lang='lat' dir='ltr'>fontibus</span> <span class='ocrx_word' id='word_1_175' title='bbox 1314 2988 1391 3054; x_wconf 85' lang='lat' dir='ltr'>satis</span> 
     </span>
     <span class='ocr_line' id='line_1_23' title="bbox 323 3094 1391 3191; baseline -0.002 -28"><span class='ocrx_word' id='word_1_176' title='bbox 323 3102 409 3163; x_wconf 88' lang='lat' dir='ltr'>certo</span> <span class='ocrx_word' id='word_1_177' title='bbox 423 3094 590 3164; x_wconf 85' lang='lat' dir='ltr'>iudicandi.</span> <span class='ocrx_word' id='word_1_178' title='bbox 613 3098 669 3163; x_wconf 89' lang='lat' dir='ltr'>sed</span> <span class='ocrx_word' id='word_1_179' title='bbox 690 3098 874 3185; x_wconf 88' lang='lat' dir='ltr'>priusquam</span> <span class='ocrx_word' id='word_1_180' title='bbox 889 3096 922 3160; x_wconf 91' lang='lat' dir='ltr'>in</span> <span class='ocrx_word' id='word_1_181' title='bbox 943 3095 1105 3191; x_wconf 79' lang='lat' dir='ltr'>Plutarchi</span> <span class='ocrx_word' id='word_1_182' title='bbox 1127 3094 1230 3160; x_wconf 83' lang='lat' dir='ltr'>fontes</span> <span class='ocrx_word' id='word_1_183' title='bbox 1250 3095 1391 3178; x_wconf 82' lang='lat' dir='ltr'>inquire·</span> 
     </span>
     <span class='ocr_line' id='line_1_24' title="bbox 321 3200 1391 3288; baseline -0.006 -18"><span class='ocrx_word' id='word_1_184' title='bbox 321 3225 401 3283; x_wconf 91' lang='lat' dir='ltr'>mus,</span> <span class='ocrx_word' id='word_1_185' title='bbox 430 3210 603 3271; x_wconf 87' lang='lat' dir='ltr'>statuemus</span> <span class='ocrx_word' id='word_1_186' title='bbox 634 3224 715 3288; x_wconf 89' lang='lat' dir='ltr'>quae</span> <span class='ocrx_word' id='word_1_187' title='bbox 743 3205 823 3269; x_wconf 83' lang='lat' dir='ltr'>ratio</span> <span class='ocrx_word' id='word_1_188' title='bbox 852 3204 934 3267; x_wconf 86' lang='lat' dir='ltr'>inter</span> <span class='ocrx_word' id='word_1_189' title='bbox 957 3203 1138 3270; x_wconf 81' lang='lat' dir='ltr'>liuiumet</span> <span class='ocrx_word' id='word_1_190' title='bbox 1158 3200 1322 3285; x_wconf 87' lang='lat' dir='ltr'>Polybium</span> <span class='ocrx_word' id='word_1_191' title='bbox 1341 3201 1391 3265; x_wconf 90' lang='lat' dir='ltr'>in·</span> 
     </span>
     <span class='ocr_line' id='line_1_25' title="bbox 321 3307 1392 3400; baseline -0.002 -24"><span class='ocrx_word' id='word_1_192' title='bbox 321 3310 471 3377; x_wconf 81' lang='lat' dir='ltr'>tercedat.</span> <span class='ocrx_word' id='word_1_193' title='bbox 499 3330 537 3377; x_wconf 90' lang='lat' dir='ltr'>ac</span> <span class='ocrx_word' id='word_1_194' title='bbox 559 3332 630 3378; x_wconf 87' lang='lat' dir='ltr'>cum</span> <span class='ocrx_word' id='word_1_195' title='bbox 652 3312 754 3400; x_wconf 87' lang='lat' dir='ltr'>primo</span> <span class='ocrx_word' id='word_1_196' title='bbox 776 3311 950 3393; x_wconf 80' lang='lat' dir='ltr'>hagmento</span> <span class='ocrx_word' id='word_1_197' title='bbox 972 3310 1093 3395; x_wconf 90' lang='lat' dir='ltr'>Polybii</span> <span class='ocrx_word' id='word_1_198' title='bbox 1115 3308 1200 3395; x_wconf 80' lang='lat' dir='ltr'>(VII,</span> <span class='ocrx_word' id='word_1_199' title='bbox 1223 3307 1336 3393; x_wconf 66' lang='grc' dir='ltr'>Μ),</span> <span class='ocrx_word' id='word_1_200' title='bbox 1358 3310 1392 3374; x_wconf 89' lang='lat' dir='ltr'>in</span> 
     </span>
     <span class='ocr_line' id='line_1_26' title="bbox 322 3413 1393 3504; baseline -0.002 -23"><span class='ocrx_word' id='word_1_201' title='bbox 322 3438 385 3500; x_wconf 92' lang='lat' dir='ltr'>quo</span> <span class='ocrx_word' id='word_1_202' title='bbox 416 3418 520 3501; x_wconf 85' lang='lat' dir='ltr'>agitur</span> <span class='ocrx_word' id='word_1_203' title='bbox 552 3418 592 3485; x_wconf 87' lang='lat' dir='ltr'>de</span> <span class='ocrx_word' id='word_1_204' title='bbox 625 3419 775 3484; x_wconf 80' lang='lat' dir='ltr'>societate</span> <span class='ocrx_word' id='word_1_205' title='bbox 806 3417 847 3482; x_wconf 84' lang='lat' dir='ltr'>ab</span> <span class='ocrx_word' id='word_1_206' title='bbox 881 3413 1082 3501; x_wconf 78' lang='lat' dir='ltr'>Hieronymo,</span> <span class='ocrx_word' id='word_1_207' title='bbox 1113 3415 1164 3480; x_wconf 91' lang='lat' dir='ltr'>cui</span> <span class='ocrx_word' id='word_1_208' title='bbox 1190 3434 1288 3502; x_wconf 89' lang='lat' dir='ltr'>puero</span> <span class='ocrx_word' id='word_1_209' title='bbox 1318 3419 1393 3504; x_wconf 83' lang='lat' dir='ltr'>post</span> 
     </span>
     <span class='ocr_line' id='line_1_27' title="bbox 322 3520 1392 3608; baseline -0.006 -18"><span class='ocrx_word' id='word_1_210' title='bbox 322 3530 455 3591; x_wconf 85' lang='lat' dir='ltr'>mortem</span> <span class='ocrx_word' id='word_1_211' title='bbox 476 3522 621 3590; x_wconf 87' lang='lat' dir='ltr'>Hieronis</span> <span class='ocrx_word' id='word_1_212' title='bbox 643 3542 772 3608; x_wconf 83' lang='lat' dir='ltr'>regnum</span> <span class='ocrx_word' id='word_1_213' title='bbox 793 3522 982 3587; x_wconf 70' lang='lat' dir='ltr'>nancietum</span> <span class='ocrx_word' id='word_1_214' title='bbox 1002 3528 1081 3598; x_wconf 80' lang='lat' dir='ltr'>erat,</span> <span class='ocrx_word' id='word_1_215' title='bbox 1102 3541 1174 3586; x_wconf 89' lang='lat' dir='ltr'>cum</span> <span class='ocrx_word' id='word_1_216' title='bbox 1196 3520 1392 3605; x_wconf 68' lang='lat' dir='ltr'>Carthap&#39;ni·</span> 
     </span>
     <span class='ocr_line' id='line_1_28' title="bbox 322 3624 1394 3718; baseline -0.004 -21"><span class='ocrx_word' id='word_1_217' title='bbox 322 3632 448 3697; x_wconf 88' lang='lat' dir='ltr'>ensibus</span> <span class='ocrx_word' id='word_1_218' title='bbox 481 3632 554 3708; x_wconf 85' lang='lat' dir='ltr'>icta,</span> <span class='ocrx_word' id='word_1_219' title='bbox 587 3632 633 3696; x_wconf 91' lang='lat' dir='ltr'>ita</span> <span class='ocrx_word' id='word_1_220' title='bbox 664 3631 822 3718; x_wconf 84' lang='lat' dir='ltr'>conspirat</span> <span class='ocrx_word' id='word_1_221' title='bbox 850 3629 958 3693; x_wconf 86' lang='lat' dir='ltr'>Liuius</span> <span class='ocrx_word' id='word_1_222' title='bbox 980 3624 1094 3705; x_wconf 85' lang='lat' dir='ltr'>XXIV,</span> <span class='ocrx_word' id='word_1_223' title='bbox 1118 3629 1150 3705; x_wconf 88' lang='lat'>6,</span> <span class='ocrx_word' id='word_1_224' title='bbox 1171 3633 1208 3691; x_wconf 92' lang='lat' dir='ltr'>ut</span> <span class='ocrx_word' id='word_1_225' title='bbox 1229 3646 1302 3692; x_wconf 89' lang='lat' dir='ltr'>eum</span> <span class='ocrx_word' id='word_1_226' title='bbox 1323 3627 1394 3693; x_wconf 82' lang='lat' dir='ltr'>alils</span> 
     </span>
     <span class='ocr_line' id='line_1_29' title="bbox 322 3730 1394 3827; baseline -0.003 -24"><span class='ocrx_word' id='word_1_227' title='bbox 322 3736 548 3827; x_wconf 84' lang='lat' dir='ltr'>praetermissis</span> <span class='ocrx_word' id='word_1_228' title='bbox 570 3737 639 3801; x_wconf 82' lang='lat' dir='ltr'>aliis</span> <span class='ocrx_word' id='word_1_229' title='bbox 660 3738 695 3802; x_wconf 92' lang='lat' dir='ltr'>in</span> <span class='ocrx_word' id='word_1_230' title='bbox 716 3740 883 3819; x_wconf 82' lang='lat' dir='ltr'>angustum</span> <span class='ocrx_word' id='word_1_231' title='bbox 897 3734 1015 3800; x_wconf 81' lang='lat' dir='ltr'>coactis</span> <span class='ocrx_word' id='word_1_232' title='bbox 1035 3732 1200 3819; x_wconf 79' lang='lat' dir='ltr'>Polybium</span> <span class='ocrx_word' id='word_1_233' title='bbox 1220 3730 1394 3800; x_wconf 85' lang='lat' dir='ltr'>reddidisse</span> 
     </span>
     <span class='ocr_line' id='line_1_30' title="bbox 321 3840 1392 3931; baseline -0.002 -22"><span class='ocrx_word' id='word_1_234' title='bbox 321 3847 389 3909; x_wconf 89' lang='lat' dir='ltr'>iure</span> <span class='ocrx_word' id='word_1_235' title='bbox 410 3844 562 3931; x_wconf 85' lang='lat' dir='ltr'>suspicari</span> <span class='ocrx_word' id='word_1_236' title='bbox 582 3842 745 3931; x_wconf 85' lang='lat' dir='ltr'>possimus.</span> <span class='ocrx_word' id='word_1_237' title='bbox 801 3858 882 3925; x_wconf 91' lang='lat' dir='ltr'>quae</span> <span class='ocrx_word' id='word_1_238' title='bbox 904 3840 946 3905; x_wconf 93' lang='lat' dir='ltr'>de</span> <span class='ocrx_word' id='word_1_239' title='bbox 966 3840 1191 3905; x_wconf 86' lang='lat' dir='ltr'>Leontinorum</span> <span class='ocrx_word' id='word_1_240' title='bbox 1211 3840 1300 3905; x_wconf 83' lang='lat' dir='ltr'>urbia</span> <span class='ocrx_word' id='word_1_241' title='bbox 1320 3841 1392 3918; x_wconf 77' lang='lat' dir='ltr'>sier,</span> 
     </span>
     <span class='ocr_line' id='line_1_31' title="bbox 321 3942 1391 4034; baseline -0.004 -18"><span class='ocrx_word' id='word_1_242' title='bbox 321 3950 466 4016; x_wconf 88' lang='lat' dir='ltr'>Hieronis</span> <span class='ocrx_word' id='word_1_243' title='bbox 494 3970 533 4015; x_wconf 88' lang='lat' dir='ltr'>ac</span> <span class='ocrx_word' id='word_1_244' title='bbox 560 3948 688 4015; x_wconf 88' lang='lat' dir='ltr'>Gelonis</span> <span class='ocrx_word' id='word_1_245' title='bbox 710 3947 853 4033; x_wconf 13' lang='lat' dir='ltr'>*moribus</span> <span class='ocrx_word' id='word_1_246' title='bbox 876 3944 1021 4034; x_wconf 83' lang='lat' dir='ltr'>exposuit</span> <span class='ocrx_word' id='word_1_247' title='bbox 1040 3942 1189 4030; x_wconf 88' lang='lat' dir='ltr'>Polybius</span> <span class='ocrx_word' id='word_1_248' title='bbox 1211 3947 1280 4025; x_wconf 86' lang='lat' dir='ltr'>VII,</span> <span class='ocrx_word' id='word_1_249' title='bbox 1303 3946 1391 4012; x_wconf 55' lang='lat' dir='ltr'>dui</span> 
     </span>
     <span class='ocr_line' id='line_1_32' title="bbox 322 4050 1393 4146; baseline -0.007 -23"><span class='ocrx_word' id='word_1_250' title='bbox 322 4076 385 4123; x_wconf 91' lang='lat' dir='ltr'>non</span> <span class='ocrx_word' id='word_1_251' title='bbox 395 4054 500 4139; x_wconf 77' lang='lat' dir='ltr'>attigit</span> <span class='ocrx_word' id='word_1_252' title='bbox 511 4052 628 4121; x_wconf 87' lang='lat' dir='ltr'>Liuius.</span> <span class='ocrx_word' id='word_1_253' title='bbox 649 4054 691 4120; x_wconf 90' lang='lat' dir='ltr'>de</span> <span class='ocrx_word' id='word_1_254' title='bbox 713 4054 945 4143; x_wconf 84' lang='lat' dir='ltr'>oppugnatione</span> <span class='ocrx_word' id='word_1_255' title='bbox 966 4050 1295 4146; x_wconf 67' lang='lat' dir='ltr'>uernsyracusarum,</span> <span class='ocrx_word' id='word_1_256' title='bbox 1310 4070 1393 4138; x_wconf 81' lang='lat' dir='ltr'>quac</span> 
     </span>
     <span class='ocr_line' id='line_1_33' title="bbox 323 4156 1394 4252; baseline -0.004 -22"><span class='ocrx_word' id='word_1_257' title='bbox 323 4163 407 4252; x_wconf 90' lang='lat' dir='ltr'>apud</span> <span class='ocrx_word' id='word_1_258' title='bbox 438 4162 602 4247; x_wconf 88' lang='lat' dir='ltr'>Polybium</span> <span class='ocrx_word' id='word_1_259' title='bbox 634 4159 756 4245; x_wconf 73' lang='lat' dir='ltr'>Integra</span> <span class='ocrx_word' id='word_1_260' title='bbox 778 4164 936 4248; x_wconf 83' lang='lat' dir='ltr'>superstas</span> <span class='ocrx_word' id='word_1_261' title='bbox 952 4164 1002 4223; x_wconf 87' lang='lat' dir='ltr'>eat</span> <span class='ocrx_word' id='word_1_262' title='bbox 1023 4156 1124 4246; x_wconf 85' lang='lat' dir='ltr'>(VIII,</span> <span class='ocrx_word' id='word_1_263' title='bbox 1151 4158 1263 4244; x_wconf 64' lang='grc' dir='ltr'>Μ),</span> <span class='ocrx_word' id='word_1_264' title='bbox 1285 4159 1394 4227; x_wconf 75' lang='lat' dir='ltr'>liuius</span> 
     </span>
     <span class='ocr_line' id='line_1_34' title="bbox 322 4264 1393 4352; baseline -0.003 -15"><span class='ocrx_word' id='word_1_265' title='bbox 322 4268 432 4337; x_wconf 88' lang='lat' dir='ltr'>eodem</span> <span class='ocrx_word' id='word_1_266' title='bbox 459 4269 553 4335; x_wconf 90' lang='lat' dir='ltr'>modo</span> <span class='ocrx_word' id='word_1_267' title='bbox 580 4274 617 4333; x_wconf 91' lang='lat' dir='ltr'>ut</span> <span class='ocrx_word' id='word_1_268' title='bbox 637 4273 733 4335; x_wconf 89' lang='lat' dir='ltr'>antea</span> <span class='ocrx_word' id='word_1_269' title='bbox 753 4288 824 4333; x_wconf 88' lang='lat' dir='ltr'>oum</span> <span class='ocrx_word' id='word_1_270' title='bbox 844 4265 975 4352; x_wconf 90' lang='lat' dir='ltr'>Polybio</span> <span class='ocrx_word' id='word_1_271' title='bbox 995 4266 1151 4333; x_wconf 84' lang='lat' dir='ltr'>consentit</span> <span class='ocrx_word' id='word_1_272' title='bbox 1172 4266 1254 4351; x_wconf 78' lang='lat' dir='ltr'>(hin.</span> <span class='ocrx_word' id='word_1_273' title='bbox 1278 4264 1393 4344; x_wconf 79' lang='lat' dir='ltr'>XXIV,</span> 
     </span>
     <span class='ocr_line' id='line_1_35' title="bbox 324 4372 1392 4461; baseline -0.004 -18"><span class='ocrx_word' id='word_1_274' title='bbox 324 4378 369 4443; x_wconf 81' lang='lat'>33</span> <span class='ocrx_word' id='word_1_275' title='bbox 398 4382 427 4459; x_wconf 64' lang='grc' dir='ltr'>ς.</span> <span class='ocrx_word' id='word_1_276' title='bbox 457 4374 590 4461; x_wconf 76' lang='lat'><strong>9-34).</strong></span> <span class='ocrx_word' id='word_1_277' title='bbox 635 4375 886 4441; x_wconf 82' lang='lat' dir='ltr'>accuratissimus</span> <span class='ocrx_word' id='word_1_278' title='bbox 913 4372 996 4438; x_wconf 91' lang='lat' dir='ltr'>enim</span> <span class='ocrx_word' id='word_1_279' title='bbox 1017 4372 1096 4439; x_wconf 88' lang='lat' dir='ltr'>ordo</span> <span class='ocrx_word' id='word_1_280' title='bbox 1117 4372 1392 4439; x_wconf 75' lang='lat' dir='ltr'>maiouim-eone·</span> 
     </span>
     <span class='ocr_line' id='line_1_36' title="bbox 323 4477 1393 4562; baseline -0.006 -13"><span class='ocrx_word' id='word_1_281' title='bbox 323 4490 428 4549; x_wconf 86' lang='lat' dir='ltr'>torum</span> <span class='ocrx_word' id='word_1_282' title='bbox 449 4481 589 4546; x_wconf 87' lang='lat' dir='ltr'>Marcelli</span> <span class='ocrx_word' id='word_1_283' title='bbox 610 4480 886 4562; x_wconf 77' lang='lat' dir='ltr'>machinarumque</span> <span class='ocrx_word' id='word_1_284' title='bbox 906 4477 1109 4556; x_wconf 76' lang='lat' dir='ltr'>Archimedis,</span> <span class='ocrx_word' id='word_1_285' title='bbox 1134 4480 1188 4562; x_wconf 90' lang='lat' dir='ltr'>qui</span> <span class='ocrx_word' id='word_1_286' title='bbox 1209 4478 1276 4543; x_wconf 83' lang='lat' dir='ltr'>sine</span> <span class='ocrx_word' id='word_1_287' title='bbox 1297 4477 1393 4545; x_wconf 85' lang='lat' dir='ltr'>dubie</span> 
     </span>
     <span class='ocr_line' id='line_1_37' title="bbox 321 4583 1393 4674; baseline -0.006 -18"><span class='ocrx_word' id='word_1_288' title='bbox 321 4590 504 4674; x_wconf 83' lang='lat' dir='ltr'>diligentiae</span> <span class='ocrx_word' id='word_1_289' title='bbox 532 4588 653 4674; x_wconf 88' lang='lat' dir='ltr'>Polybii</span> <span class='ocrx_word' id='word_1_290' title='bbox 680 4584 863 4651; x_wconf 85' lang='lat' dir='ltr'>tribuendus</span> <span class='ocrx_word' id='word_1_291' title='bbox 893 4590 950 4661; x_wconf 89' lang='lat' dir='ltr'>est,</span> <span class='ocrx_word' id='word_1_292' title='bbox 977 4602 1105 4668; x_wconf 79' lang='lat' dir='ltr'>prorsus</span> <span class='ocrx_word' id='word_1_293' title='bbox 1132 4583 1216 4649; x_wconf 90' lang='lat' dir='ltr'>idem</span> <span class='ocrx_word' id='word_1_294' title='bbox 1237 4590 1287 4649; x_wconf 92' lang='lat' dir='ltr'>est</span> <span class='ocrx_word' id='word_1_295' title='bbox 1308 4584 1393 4669; x_wconf 84' lang='lat' dir='ltr'>apud</span> 
     </span>
     <span class='ocr_line' id='line_1_38' title="bbox 323 4689 1392 4778; baseline -0.007 -16"><span class='ocrx_word' id='word_1_296' title='bbox 323 4696 462 4771; x_wconf 83' lang='lat' dir='ltr'>Liuium3</span> <span class='ocrx_word' id='word_1_297' title='bbox 495 4694 662 4778; x_wconf 88' lang='lat' dir='ltr'>descriptio</span> <span class='ocrx_word' id='word_1_298' title='bbox 690 4697 876 4776; x_wconf 84' lang='lat' dir='ltr'>apparatus,</span> <span class='ocrx_word' id='word_1_299' title='bbox 909 4706 1003 4775; x_wconf 89' lang='lat' dir='ltr'>quem</span> <span class='ocrx_word' id='word_1_300' title='bbox 1030 4690 1196 4757; x_wconf 84' lang='lat' dir='ltr'>Marcellus</span> <span class='ocrx_word' id='word_1_301' title='bbox 1223 4689 1265 4755; x_wconf 91' lang='lat' dir='ltr'>ad</span> <span class='ocrx_word' id='word_1_302' title='bbox 1293 4709 1392 4777; x_wconf 84' lang='lat' dir='ltr'>oppu-</span> 
     </span>
    </p>
   </div>
   <div class='ocr_carea' id='block_1_10' title="bbox 0 0 1718 5567">
    <p class='ocr_par' dir='ltr' id='par_1_10' title="bbox 0 0 1718 5567">
     <span class='ocr_line' id='line_1_39' title="bbox 0 0 1718 5567; baseline 0 0"><span class='ocrx_word' id='word_1_303' title='bbox 0 0 1718 5567; x_wconf 95' lang='lat' dir='ltr'> </span> 
     </span>
    </p>
   </div>
  </div>
 </body>
</html>
