3417 5567
419 1572 638 1689 Transeamus
657 1618 699 1685 aa
720 1619 819 1687 uitam
840 1620 989 1689 Marcelli
1032 1642 1071 1689 ac
1091 1642 1162 1687 cum
1181 1621 1383 1690 Plutarchum

299 1730 339 1796 in
366 1724 578 1795 describendis
601 1726 675 1793 rutis
696 1745 804 1793 eorum
825 1728 973 1805 uirorum,
996 1725 1051 1810 qui
1071 1748 1136 1794 non
1156 1726 1251 1795 modo
1270 1727 1382 1797 iisdem

298 1834 504 1920 temporibus
534 1834 680 1901 mxerunt
711 1831 767 1899 sed
794 1833 890 1901 etiam
909 1832 1021 1901 iisdern
1043 1832 1134 1901 bellis
1164 1833 1381 1911 iuterfuerunt,

299 1943 365 2026 qui
379 1962 436 2026 per
449 1939 675 2007 multosanuos
698 1943 755 2005 aut
775 1938 886 2006 eodem
907 1944 1126 2023 tempora-ant
1145 1939 1275 2007 alternis
1296 1961 1381 2008 uam·

299 2044 588 2130 mumimperium
615 2044 806 2129 reipublicae
839 2045 983 2118 maximis
1010 2046 1157 2130 periculis
1186 2059 1313 2129 presme
1346 2066 1384 2115 ac

299 2153 502 2244 mauismmis
532 2151 676 2221 cladibus
696 2167 864 2219 concussae
897 2150 1158 2219 mahummet
1188 2155 1223 2218 et
1251 2172 1384 2235 quorum

301 2261 441 2329 concha
464 2280 503 2325 ac
522 2257 638 2325 iacta
628 2280 661 2325 m
683 2256 882 2351 reprimendo
890 2256 1071 2325 Hannibale
1085 2277 1312 2340 nonnunquam
1331 2278 1383 2324 ar-

304 2368 431 2438 tissime
462 2366 545 2431 inter
577 2384 611 2431 se
645 2362 863 2441 cohaerebant,
895 2362 1024 2431 ιιιιιοιιι
1026 2362 1174 2430 anchus
1201 2384 1294 2432 usum
1315 2383 1382 2432 esse

205 2520 214 2532 .
305 2472 465 2557 suspicari
491 2470 656 2555 possimus,
682 2469 770 2537 nulls
796 2469 918 2535 ratione
945 2469 1061 2538 habita
1081 2475 1245 2539 auctorum
1266 2491 1287 2536 a
1307 2470 1383 2537 Plu·

306 2578 422 2645 tarcho
456 2576 655 2643 laudatorum
687 2574 818 2642 eandem
848 2595 945 2657 quam
977 2580 1075 2644 autea
1100 2574 1269 2642 institimus
1288 2593 1382 2659 argu·

306 2682 475 2753 mentsndi
514 2683 599 2749 uriam
633 2694 867 2767 persequamur.
921 2694 1025 2765 neque
1062 2701 1156 2749 uero·
1171 2687 1261 2749 tanta
1293 2680 1383 2755 uobis

225 2834 228 2843 ,
307 2788 454 2859 subsidia
479 2793 604 2872 praesto
632 2792 857 2871 suut-quanta
883 2808 977 2872 supra
1007 2786 1275 2872 suppeffltabsnt-
1309 2808 1383 2856 nam

308 2917 385 2963 cum
405 2894 527 2979 Polybii
549 2893 682 2959 historia
703 2893 810 2978 paucis
826 2894 964 2977 exceptis
985 2893 1167 2977 fiagmenus
1188 2915 1256 2962 non·
1273 2914 1382 2977 super·

308 3008 377 3069 stes
405 3000 456 3078 sit,
485 2999 647 3083 Appianus
675 3005 709 3065 et
739 3000 877 3068 Zonaras
899 2998 1054 3068 derebus
1076 3021 1098 3065 a
1118 3000 1267 3068 Marcello
1286 3003 1382 3086 gestis

308 3113 403 3177 tanta
430 3106 587 3175 breuitate
604 3107 742 3189 egermt,
770 3112 807 3175 ut
836 3106 902 3173 fere
923 3105 1027 3175 nullus
1049 3106 1168 3173 hactus
1190 3126 1231 3174 ex
1250 3107 1289 3177 iis
1310 3128 1382 3192 par·

309 3214 374 3299 cipi
395 3213 505 3299 possit
529 3234 627 3297 prope
649 3213 732 3283 solus
755 3212 863 3281 Liuius
885 3218 992 3279 restat
1019 3235 1082 3279 ec
1101 3226 1141 3282 ne'
1163 3235 1234 3283 eum
1255 3214 1382 3299 quidem

310 3321 427 3405 ubique
458 3340 639 3405 comparare
669 3320 753 3399 licet,
785 3321 862 3405 quia
891 3320 970 3388 liber
996 3320 1160 3389 tricesimus
1182 3342 1245 3405 quo
1266 3320 1383 3390 ballum

310 3432 422 3496 contra
448 3426 594 3495 Insubres
621 3433 742 3510 gestum
772 3426 1093 3511 comprehendebatur
1113 3446 1178 3495 non
1199 3428 1273 3497 tulit
1294 3435 1381 3495 aeta·

310 3541 384 3601 tem.
429 3555 510 3618 quae
538 3555 609 3603 oum
636 3535 683 3601 ita
705 3534 769 3601 sint
790 3556 982 3619 quamquam
1002 3534 1104 3602 minus
1126 3540 1211 3601 certe
1232 3556 1329 3619 quam
1348 3536 1381 3601 in

311 3642 379 3709 uita
405 3640 495 3707 Fabii
523 3640 654 3709 Maximi
681 3640 720 3707 de
748 3641 908 3708 Plutarchi
935 3639 1073 3707 fontibus
1100 3642 1200 3710 conici
1231 3663 1323 3727 posse
1349 3643 1382 3709 in

311 3754 421 3834 aperto
450 3754 514 3827 est,
548 3754 656 3815 tamen
684 3770 747 3815 non
775 3748 917 3815 irritam
926 3748 1192 3833 comparationem
1219 3753 1381 3817 auctmum

310 3856 367 3940 qui
388 3859 554 3939 supersunt
575 3855 642 3921 lora
665 3855 889 3922 existimamus

415 3962 492 4026 Post
478 3966 587 4044 tquam
619 3960 845 4027 Plutarchus
836 3984 869 4026 ιιι
900 3960 1008 4045 primis
1042 3966 1126 4044 caprt
1103 3959 1196 4027 tibus
1229 3958 1310 4024 dixit
1342 3960 1380 4025 de

310 4088 422 4152 genere
452 4073 485 4133 et
517 4065 653 4132 moribus
684 4066 834 4144 Marcelli,
868 4087 935 4150 cap.
968 4066 1141 4132 IlI-·VIII
1166 4064 1283 4144 bellum
1310 4088 1381 4132 cum

311 4174 411 4243 Gallis
433 4174 474 4241 ab
497 4194 580 4243 anno
606 4172 671 4239 225
693 4172 856 4256 usquead
877 4193 996 4239 annum
1017 4173 1082 4240 222
1104 4177 1225 4256 gestum
1247 4180 1380 4251 enarrat.

310 4278 351 4344 de
372 4278 482 4347 ecdem
503 4278 585 4344 bello
609 4285 706 4363 agunt
727 4277 876 4363 Polybius
896 4278 937 4357 Π,
960 4278 1108 4355 23-ο34ς
1136 4277 1273 4344 Zonaras
1295 4278 1380 4357 VIII,

310 4385 362 4450 20.
408 4384 492 4471 quod
513 4384 595 4449 Liuii
617 4383 692 4450 belli
719 4380 857 4450 narratio
879 4383 999 4460 interiit
1019 4382 1113 4447 ualde
1135 4388 1183 4447 est
1204 4380 1380 4449 dolendum.

311 4511 406 4575 quam
432 4490 576 4556 lacunam
605 4490 712 4575 aliqua
740 4510 779 4559 ex
806 4493 898 4574 parte
926 4489 1053 4574 explent
1075 4488 1245 4572 Eutropius
1267 4488 1324 4566 III,
1347 4488 1379 4564 5,

311 4598 331 4664 6
354 4602 387 4663 et
409 4596 538 4663 Orosius
560 4596 615 4675 lv,
632 4596 683 4675 13,
707 4618 785 4682 quos
806 4596 970 4663 historiam
991 4594 1075 4663 Liuii
1097 4594 1286 4679 excerpsisse
1308 4614 1379 4657 cum

310 4702 364 4768 uhi
390 4703 492 4786 ipsum
521 4702 645 4771 Liuium
674 4722 858 4787 comparare
882 4702 956 4770 licet
983 4699 1162 4767 certismmis
1190 4698 1380 4783 arguments
