3417 5567
758 639 978 704 ,13-

327 854 421 915 mttto
444 856 618 931 cataponti
637 852 782 915 boetium
804 858 838 915 tu
863 858 947 934 acie,
971 856 1068 917 multt
1086 862 1205 933 posteo
1228 864 1397 939 utrtmpue

327 978 374 1021 eu
396 960 594 1023 uulneribus
613 965 758 1039 portare.
804 962 982 1039 nectimur
1004 962 1126 1024 coedes
1149 966 1317 1041 utrimque
1341 966 1398 1043 so·

328 1072 385 1129 cto
406 1066 558 1129 traditur
573 1065 615 1128 ub
638 1067 734 1129 ultim
758 1083 829 1146 epo,
850 1074 1092 1145 praeterquam
1109 1069 1202 1146 quod
1214 1068 1302 1133 nitu
1314 1070 1399 1135 huu-

327 1180 416 1236 etum
431 1190 478 1235 ec
492 1190 583 1236 uano
606 1175 715 1252 uelim,
739 1190 805 1251 quc
826 1178 928 1237 utmts
943 1175 1115 1237 inclinant
1124 1178 1235 1251 serrae
1250 1176 1403 1241 satcens-

327 1283 409 1341 ttum
432 1284 547 1358 catut,
571 1279 710 1342 Fottum
732 1281 909 1357 aequatem
932 1280 1135 1357 temporibus
1156 1280 1298 1345 huiusce
1322 1282 1403 1345 oeus
1538 1284 1539 1293 ’

323 1385 535 1462 potissimum
569 1392 743 1447 auctorem
782 1383 891 1447 tabuit.
933 1382 1092 1465 primum
1119 1384 1202 1449 enim
1219 1436 1220 1441 .
1235 1383 1289 1449 bic
1312 1383 1399 1452 loeus

325 1485 411 1551 haud
442 1486 506 1551 scio
538 1506 580 1551 an
612 1472 730 1552 nouum
750 1491 968 1569 argumentum
994 1486 1154 1571 praebeat,
1186 1509 1248 1576 qno
1274 1488 1400 1555 Liuium

325 1592 454 1678 Polybio
482 1592 632 1658 hocloco
655 1614 719 1657 non
740 1615 831 1658 usum
853 1613 932 1671 esse,
960 1592 1123 1678 Polybium
1150 1614 1227 1663 uero
1255 1616 1400 1661 numeros

325 1719 343 1763 e
365 1699 464 1765 Fabio
492 1699 615 1765 Pictore
643 1699 792 1783 petiuisse
822 1699 993 1793 cuneatur,
1038 1720 1122 1765 nam·
1135 1700 1399 1771 citatam-cladis

324 1805 563 1890 descriptionem
585 1825 603 1869 e
624 1804 754 1889 Polybio
776 1804 932 1871 hausisset
952 1806 1070 1884 Liuius,
1095 1805 1171 1893 quid
1192 1812 1262 1873 erat
1282 1828 1338 1873 cur
1358 1806 1399 1875 ad

323 1909 633 1977 FabiumPictcrem
648 1916 834 1995 prouocaret
852 1932 956 2000 neque
972 1912 1184 2001 acquiesceret
1204 1912 1238 1979 in
1261 1914 1399 1983 numeris
1439 1950 1449 1973 f

323 2015 454 2102 Polybii,
484 2017 538 2105 qui
565 2022 696 2101 excepto
723 2037 787 2082 unc
815 2016 941 2085 eosdem
969 2037 1047 2105 quos
1075 2016 1191 2086 Fabius
1213 2019 1340 2089 exhibet
1366 2026 1400 2106 et

324 2141 424 2209 aeque
445 2142 484 2187 ac
505 2122 621 2189 Fabius
642 2121 681 2188 iis
703 2123 864 2207 oppositus
886 2128 944 2201 est,
976 2125 1029 2211 qni
1056 2124 1260 2208 multiplicem
1288 2128 1399 2193 utrim-

322 2244 389 2317 que
406 2229 534 2295 caedem
553 2230 671 2295 iactam
698 2251 767 2295 esse
786 2230 1011 2314 prodiderant?
1046 2230 1159 2299 deinde
1191 2232 1276 2299 haud
1299 2233 1398 2299 ambi-

321 2335 391 2418 guis
412 2335 517 2402 uerbis
538 2336 646 2400 Liuius
674 2337 857 2425 pronuntiat
893 2356 926 2402 se
954 2336 1045 2401 Fabii
1070 2337 1202 2403 Pictoris
1229 2340 1399 2407 auctorita·

321 2447 387 2506 tem
408 2447 549 2507 secutum
570 2463 647 2507 esse.
692 2443 818 2508 Liuium
832 2463 909 2508 uero
931 2443 1010 2507 nihil
1031 2443 1090 2509 nisi
1106 2464 1399 2511 caesorumnnme·

321 2568 374 2613 ros
397 2567 415 2612 e
436 2548 536 2613 Fabio
558 2549 737 2637 sumpsisse,
760 2554 797 2613 ut
810 2549 941 2615 Peterus
956 2548 1115 2615 confidem
1137 2571 1262 2637 pugnae
1283 2550 1398 2617 deseri-

320 2654 462 2743 ptionem
483 2674 608 2720 uersam
629 2674 697 2719 esse
724 2675 744 2718 e
771 2654 904 2739 Polybio
925 2656 1080 2743 opinatur,
1104 2654 1218 2723 adduci
1240 2677 1303 2723 non
1324 2678 1399 2747 pos-

320 2780 428 2825 sumus
461 2764 499 2826 ut
525 2759 697 2825 eradamus.
741 2781 816 2825 nam
842 2765 987 2848 potestne
1009 2760 1139 2845 cogitari
1174 2760 1300 2827 Liuium
1326 2782 1398 2829 eum

320 2844 490 2944 auctorem,
513 2888 607 2955 quem
627 2871 665 2931 ut
686 2867 851 2955 aequalem
876 2867 951 2933 belli
972 2866 1173 2933 Hannibalici
1192 2872 1282 2933 tanta
1303 2888 1397 2935 uene-

320 2973 442 3039 ratione
463 2972 672 3061 prosequitur,
708 2994 802 3061 quem
834 2973 904 3039 aliis
938 2973 1116 3039 auctoribus
1151 2994 1234 3039 uana
1266 2974 1398 3063 prodere

321 3080 499 3146 amantibus
521 3100 555 3147 se
568 3081 792 3168 ‘anteposuisse
814 3086 847 3146 et
869 3085 1029 3145 auctorem
1043 3080 1239 3168 potissimum
1252 3080 1398 3147 habuisse

321 3185 500 3274 profitetur,
522 3186 563 3250 de
591 3185 716 3249 tantula
747 3206 785 3250 re
818 3184 988 3251 consulisse
1021 3186 1055 3251 in
1075 3185 1168 3252 rebus
1189 3205 1264 3251 uero
1286 3189 1398 3253 summi

320 3292 472 3357 momenti
492 3312 619 3380 prorsus
641 3290 833 3375 neglexisse?
854 3292 951 3357 immo
972 3312 1019 3357 ex.
1035 3292 1083 3357 his
1107 3297 1173 3357 tam
1195 3291 1314 3357 eximiis
1328 3292 1398 3359 lau·

321 3396 413 3462 dibus
443 3396 587 3462 concludi
613 3395 708 3463 debet
746 3397 883 3463 Liuium.
899 3418 963 3462 non
991 3397 1092 3463 solnm
1108 3398 1153 3463 >in
1180 3396 1272 3465 huius
1299 3398 1397 3467 eladis

321 3500 529 3591 descriptione
557 3502 613 3567 sed
637 3503 734 3567 etiam
760 3503 795 3567 in
824 3503 974 3591 proximis
1003 3502 1078 3568 belli
1105 3503 1194 3569 annis
1217 3505 1397 3577 enarrandis

321 3609 455 3676 Fabium
476 3610 536 3675 sibi
556 3610 676 3676 fontem
696 3610 879 3699 primasium
901 3611 1039 3695 elegisse.
1084 3632 1186 3699 neque
1208 3633 1311 3690 causa,
1334 3634 1397 3701 qua

322 3715 357 3782 (l.
378 3716 509 3782 Peterus
530 3718 717 3782 seutentiam
738 3739 830 3782 suam
842 3717 952 3783 fiulcim
974 3716 1090 3797 studet,
1104 3724 1244 3784 noema
1265 3719 1397 3785 conuelli

322 3828 479 3911 putamus.
494 3822 571 3888 dicit
581 3825 665 3888 enim
676 3844 747 3911 pag.
760 3823 804 3889 56
814 3823 890 3907 fingi
907 3846 971 3890 non
987 3845 1080 3913 posse
1096 3824 1224 3889 annales
1232 3824 1331 3903 Fabii,
1342 3826 1398 3914 qui

322 3950 427 3994 rermn
458 3950 536 4017 quas
566 3929 703 4017 antipae
722 3930 854 3993 uidisset
887 3935 942 3993 aut
963 3950 1002 3995 ex
1023 3930 1206 4013 aequalibus
1220 3928 1400 3997 audiuisset

322 4034 485 4100 historiam
496 4035 693 4132 condidisset,
706 4036 821 4101 similes
833 4036 929 4101 tasse
940 4036 1023 4101 Liuii
1034 4036 1192 4115 historiae,
1203 4058 1298 4125 qnam
1310 4058 1327 4103 e
1338 4060 1396 4105 ua

321 4142 378 4207 riis
392 4142 571 4208 auctoribus
586 4142 792 4231 compositam
801 4164 870 4209 esse
888 4143 1133 4232 ediscrepantiis
1142 4143 1227 4208 haud
1237 4144 1317 4210 raris
1328 4145 1396 4211 elu-

322 4252 416 4313 ceret.
439 4247 662 4338 discrepantias
679 4250 792 4338 quibus
808 4250 901 4338 plena
923 4257 971 4316 est
993 4250 1075 4315 Liuii
1089 4250 1220 4315 historia
1245 4271 1308 4316 uon
1333 4253 1396 4318 iam

321 4354 418 4421 fluisse
432 4356 465 4421 in
479 4356 570 4422 Fabii
591 4356 755 4422 annalibus
777 4356 910 4423 libenter
932 4356 1136 4424 concedimus.
1172 4355 1232 4421 hae
1247 4378 1396 4424 neronon

323 4481 341 4525 e
363 4460 462 4527 Fabio
491 4461 546 4527 sed
568 4483 608 4528 ex
635 4464 704 4529 aliis
731 4449 841 4529 ‘eodem
869 4462 938 4529 loco
960 4485 980 4553 a
1005 4462 1096 4529 Liuio
1118 4461 1265 4529 adhibitis
1287 4469 1395 4530 aucto·

322 4566 410 4633 aba
449 4573 624 4635 maenas.
682 4590 756 4635 nam
791 4552 854 4634 ιιι
887 4574 988 4635 asam
1010 4554 1112 4648 ‘nata
1136 4569 1306 4644 ,mensam
1340 4590 1396 4635 ex-

323 4672 448 4761 scripsit
469 4672 588 4751 Limus,
612 4674 667 4740 sed
690 4675 827 4758 singulas
848 4674 942 4740 modo
964 4680 1071 4763 partes
1092 4680 1128 4739 ut
1149 4696 1216 4741 mos
1239 4674 1306 4742 eius
1327 4681 1396 4742 erat
