3417 5567
747 642 967 707 ...23..

328 850 422 925 fidem
445 851 559 921 addere
582 858 615 919 et
641 870 743 942 aeque
763 860 860 942 atque
872 802 977 919 ιοποοο
994 850 1196 919 Phrtamhum
1217 857 1250 917 et
1271 850 1396 918 Iiuimn

327 978 345 1023 e
366 958 465 1025 Fabio
477 960 611 1029 Pictore
630 962 780 1041 hausisse,
801 962 965 1047 Polybium
985 982 1060 1026 πετο
1081 962 1115 1025 in
1135 961 1196 1025 hae
1216 959 1395 1110 pugnate-

327 1064 492 1133 scribenda
514 1066 635 1151 longius
658 1069 701 1134 ab
720 1089 758 1134 eo
779 1070 952 1141 recemisse

343 1226 346 1243 ²
432 1208 560 1287 Quae
551 1232 583 1275 m
614 1210 763 1295 proximis
797 1176 952 1300 capitibus
980 1206 1168 1275 Plutarchus
1197 1210 1327 1297 exponit
1355 1206 1395 1272 de

325 1316 556 1403 perturbatione
578 1316 695 1382 Romae
718 1322 787 1382 orta
813 1318 910 1382 allato
942 1318 1050 1382 nuntio
1074 1316 1244 1381 Cannensis
1267 1316 1394 1381 calami-

326 1422 401 1487 tatis
440 1428 472 1487 et
510 1420 548 1487 de
577 1418 806 1501 emolumentis,
841 1444 921 1512 quae
947 1420 1106 1487 Hanmbal
1134 1442 1151 1486 e
1179 1423 1311 1488 uictoria
1338 1424 1395 1488 illa

325 1528 507 1615 perceperit,
536 1550 594 1593 nec
622 1528 800 1617 discrepant
822 1551 842 1594 a
864 1528 954 1594 Liuio
979 1550 1037 1593 nec
1058 1517 1227 1612 singularia
1249 1529 1393 1594 similitu-

235 1667 239 1680 ·
326 1622 406 1697 dinis
433 1632 549 1700 indicia
576 1634 743 1723 praebent,
778 1656 795 1699 e
830 1635 943 1726 quibus
976 1634 1117 1699 hausisse
1144 1633 1348 1701 Plutarchum
1376 1658 1394 1700 e

326 1738 417 1804 Liuio
445 1740 690 1806 concludendum
719 1742 768 1807 sit.
819 1744 927 1830 itaque
950 1742 1082 1807 eandem
1104 1761 1199 1829 quam
1220 1746 1314 1807 antea
1337 1742 1394 1809 ob-

193 1865 197 1877 ’
327 1845 518 1913 seruauimus
551 1849 704 1913 rationem
735 1850 816 1914 inter'
847 1869 900 1914 eos
927 1848 1118 1922 intercedere
1146 1843 1307 1943 probabile
1336 1855 1393 1916 est.

326 1948 451 2017 Liuium
480 1960 585 2019 autem
612 1954 744 2021 Fabium
772 1956 927 2021 Pictorem
955 1961 1114 2021 auctorem
1135 1954 1279 2021 habuisse
1307 1956 1394 2021 haud

327 2058 390 2123 scio
421 2080 461 2123 an
492 2061 589 2125 conici
612 2062 718 2148 possit·
733 2082 771 2126 ex
794 2083 840 2139 eo,
865 2060 948 2149 quod
969 2068 1036 2126 tam
1058 2067 1202 2126 accurate
1222 2061 1331 2127 Liuius
1353 2063 1393 2128 de

326 2162 425 2230 Fabio
446 2164 569 2231 Pictore
591 2166 693 2253 legato
715 2164 853 2255 Delphos
875 2168 969 2232 misso
991 2173 1023 2232 et
1037 2168 1076 2231 de
1091 2188 1239 2256 responso
1260 2168 1394 2235 Romam

327 2272 367 2337 ab
391 2292 427 2337 eo
449 2272 548 2338 relato
571 2274 637 2357 agit
659 2272 773 2361 (XXII,
797 2272 850 2351 573
871 2272 990 2351 XXIII,
1013 2275 1080 2359 11).
1110 2273 1239 2358 insignis
1254 2276 1394 2341 Marcelli

327 2383 360 2444 et
381 2378 471 2443 Fabii
493 2378 622 2444 Maximi
645 2380 836 2468 comparatio
847 2379 880 2465 ³⁸)
909 2399 948 2444 ex
969 2379 1066 2468 ipsius
1088 2378 1248 2445 Plutarchi
1269 2383 1394 2465 ingenio

327 2485 475 2551 manauit.
518 2486 767 2551 narratiunculas
794 2505 870 2551 uero
898 2486 1011 2574 quibus
1037 2485 1128 2551 Fabii
1154 2486 1331 2553 humanitas
1353 2488 1393 2553 il-

327 2593 478 2656 lustratur
511 2594 592 2679 (cap.
615 2588 689 2679 XX)
709 2582 792 2659 'aliis
825 2593 1003 2658 auctoribus
1032 2614 1065 2657 se
1088 2592 1200 2657 debere
1222 2596 1289 2678 ipse
1310 2594 1392 2661 indi-

327 2720 398 2763 oare
412 2698 538 2763 uidetur
552 2698 670 2765 uerbis:
693 2693 814 2783 λέγετοο
835 2698 891 2782 dd}
911 2702 1007 2767 ταῦτα
1021 2696 1083 2784 μὲν
1105 2682 1162 2767 οὖν
1183 2702 1255 2791 περὶ
1276 2700 1394 2769 τούτων

329 2804 494 2893 ἱστοροῦσι.
539 2824 640 2889 neque
661 2804 768 2871 Liuius
792 2806 890 2871 ullam
913 2825 1020 2870 earum
1042 2805 1231 2872 mentionem
1252 2808 1334 2873 fecit.

374 3020 385 3031 ff
432 2934 542 3015 Paulo
558 2930 679 3033 longius
708 2954 918 3016 commoratur
945 2949 977 3012 in
1005 2946 1207 3033 describenda
1235 2968 1394 3033 expugna-

328 3054 413 3120 tione
436 3054 561 3121 Tarenti
585 3054 849 3142 (XXI—XXIH).
894 3075 931 3121 ac
952 3054 1057 3137 plures
1073 3074 1150 3134 euml
1164 3053 1225 3120 hoc
1245 3055 1315 3120 loco
1336 3076 1394 3143 au7

328 3167 429 3227 ctores
453 3162 641 3227 oonsrdsiisse
661 3166 766 3246 patet
772 3181 811 3227 ex
834 3182 888 3239 eo,
917 3159 1001 3244 quod
1023 3159 1178 3243 duplicem
1200 3159 1239 3225 de
1266 3161 1395 3249 muliere

329 3288 410 3353 quae
436 3268 593 3335 Bruttium
627 3268 783 3357 quendam
810 3267 852 3332 ad
880 3266 1073 3351 prodendam
1095 3266 1205 3333 urbem
1225 3237 1396 3357 perlexisse

329 3374 442 3449 dicitur
469 3375 586 3445 famam
613 3375 720 3460 prodit
749 3374 848 3465 (XXI,
876 3374 936 3440 23:
964 3375 1062 3443 ταῦτα
1088 3370 1150 3457 μὲν
1172 3356 1230 3441 odo
1252 3376 1284 3441 οἱ
1306 3376 1404 3444 πλεῖ-ι

234 3524 239 3533 -
329 3498 397 3548 cros
418 3478 575 3567 γράφουσι
597 3480 669 3567 περὶ
692 3478 818 3550 τούτων·
842 3478 922 3547 ἔνιοι
944 3476 980 3546 δὲ
1000 3506 1028 3544 κ.
1051 3503 1075 3544 τ.
1098 3480 1154 3559 λ..)
1176 3479 1232 3544 sed
1253 3480 1297 3545 ad
1316 3502 1397 3565 quos

329 3593 470 3657 auctores
498 3587 899 3683 prouocaueritexplorari
925 3607 989 3651 nou
1014 3590 1135 3671 potest,
1164 3585 1239 3670 quia
1259 3586 1395 3675 Polybio

329 3718 392 3761 non
415 3695 580 3779 superstite
602 3694 745 3778 Appiano
767 3693 884 3780 (Hann.
900 3693 958 3778 49)
981 3698 1013 3756 et
1034 3692 1156 3774 Zonara
1178 3691 1248 3778 (IX,
1270 3691 1307 3779 5)
1328 3714 1395 3759 rem

329 3801 428 3886 magis
461 3799 684 3887 attingentibus
719 3822 814 3885 quam
849 3798 1074 3883 explicantibus
1106 3818 1178 3863 oum
1210 3796 1277 3873 solo
1305 3798 1396 3873 Liuio

329 4034 540 4051 W

270 4220 271 4225 ἵ
434 4155 459 4222 ’)
481 4154 644 4209 Plutarchum
667 4170 722 4221 cap.
745 4151 1092 4221 X1Xuoumsgisusrhis:
1114 4150 1398 4227 dcusplrroissrapl

332 4241 413 4299 αὐτοῦ
434 4247 636 4319 γεγραμμένοις
656 4247 755 4317 εἴρηται
775 4259 852 4311 quam
875 4260 930 4310 cap.
952 4242 1032 4297 XXII
1053 4240 1151 4293 uerbis:
1172 4238 1209 4299 cic
1223 4244 1253 4295 ἐν
1266 4247 1323 4300 ,τοῖς
1335 4243 1397 4312 πυρὶ

331 4336 431 4387 ἐκείνου
455 4334 603 4405 γέγραπται
622 4334 715 4399 (agitur
737 4336 842 4398 ubsque
860 4331 915 4383 loco
937 4332 970 4383 de
988 4329 1122 4394 Marcello)
1139 4346 1189 4382 nou
1207 4336 1332 4383 auctorem
1349 4330 1397 4383 eli-

331 4438 405 4491 quem
427 4423 471 4489 qui
492 4420 643 4488 peculiarem
666 4422 698 4473 de
720 4420 842 4473 Marcello
865 4421 976 4473 libellum
1000 4422 1125 4486 scripserit
1146 4418 1263 4480 laudare,
1286 4418 1332 4473 sed
1353 4433 1397 4472 nes

331 4512 363 4563 ad
381 4512 458 4577 Ipsius
475 4512 552 4561 uitam
570 4510 687 4563 Marcelli
707 4512 771 4576 (cap.
790 4510 816 4571 Ι·,
834 4510 887 4568 ΙΧς
905 4509 980 4574 xxi)
999 4524 1118 4561 reuocare
1135 4510 1161 4560 iu
1179 4512 1265 4574 aperte
1284 4512 1328 4562 est
1353 4506 1395 4561 sed

332 4617 364 4653 ex
383 4616 412 4652 eo
430 4600 496 4667 quod
515 4603 541 4657 ln
559 4602 611 4651 uits
629 4598 700 4651 Fabii
718 4601 825 4651 Mstmi
843 4598 939 4664 relegat
956 4599 988 4649 ad
997 4601 1073 4651 uitem
1085 4596 1203 4651 Marcelli
1219 4595 1335 4650 concludi
1342 4600 1397 4662 pot-

331 4694 368 4739 est
391 4702 446 4740 eum
468 4690 545 4739 uitam
567 4688 683 4741 Marcelli
704 4690 775 4755 prius
798 4690 965 4754 composuisse
987 4704 1062 4754 quam
1083 4690 1161 4739 uitam
1178 4685 1257 4743 Fabii.
