3417 5567
743 644 963 709 ..26-

318 851 461 935 scriptori
491 850 629 930 cuidam,
656 875 750 941 quam
776 856 810 921 in
838 855 899 922 hac
924 856 1124 923 historiumm
1150 864 1242 943 purte
1267 861 1387 945 praeci-

316 981 413 1043 puum
435 963 595 1029 &semrom
615 958 726 1026 babuit
747 966 782 1027 et
801 982 896 1049 quem
909 962 1086 1047 Appianum
1107 964 1224 1051 (Hann.
1241 966 1386 1053 lt-ao)

316 1072 350 1133 et
377 1067 544 1133 Zonaram·
564 1066 637 1153 (lx,
664 1067 700 1151 1)
726 1072 801 1133 ante
829 1068 937 1135 oeulos
962 1068 1108 1136 habuisse
1130 1072 1280 1155 suspicari
1304 1074 1386 1152 licet,

316 1173 392 1260 quia
416 1171 540 1240 etiamsi
567 1192 617 1238 res
645 1166 805 1256 metueres
823 1174 1108 1257 praetermittentes
1130 1182 1186 1242 aut
1206 1186 1387 1263 peruertan·

316 1282 364 1345 tes
384 1273 531 1346 rurifieas
553 1283 660 1345 autem
679 1278 803 1345 fabulas
824 1279 996 1346 adicientes
1015 1282 1140 1366 saepius
1161 1304 1270 1351 ueram
1291 1285 1386 1363 mutis

311 1383 365 1451 'sui
390 1384 612 1475 narrationem⁸
632 1384 887 1469 deprauauemnt
921 1392 1027 1454 tomen
1058 1388 1242 1478 plerumque
1272 1391 1314 1457 de
1348 1394 1416 1466 iis,

316 1511 398 1579 quaa
418 1490 641 1558 Liuiusaliter
659 1497 757 1579 atque
776 1492 924 1577 Polybius
946 1490 1088 1559 narrauit
1107 1516 1178 1561 cum
1199 1496 1290 1565 Liuio
1312 1520 1386 1565 con·

238 1592 241 1601 '
316 1598 463 1695 sentiunt.
506 1598 614 1685 itaque
634 1597 686 1663 hic
714 1604 824 1666 auctor
845 1600 923 1687 quin
943 1600 1060 1666 Fabius
1080 1601 1187 1668 Pictor
1207 1602 1302 1669 buerit
1323 1626 1386 1679 non

316 1703 447 1770 dubium
467 1704 559 1769 nobis
579 1704 707 1771 uidetur
726 1728 802 1773 esse.
819 1743 862 1757 -
878 1707 927 1775 his
950 1709 1100 1792 expositis
1122 1708 1164 1775 ad
1185 1710 1386 1779 Plutarchum

316 1812 454 1877 animum
480 1817 714 1892 consuamus„
758 1835 797 1881 ac
822 1834 906 1902 quae
920 1814 1046 1886 ⁴Liuius
1072 1815 1235 1901 Polybium
1262 1824 1386 1885 secutus

316 1918 504 2003 anplicuisse⁴
526 1918 662 1997 uidetur,
691 1940 800 1986 eorum
825 1920 904 1989 nihil
926 1920 1010 2005 apud
1031 1920 1233 1991 Plutarchum
1253 1924 1385 2004 iuuenis,

315 2048 387 2091 cum
407 2026 446 2090 iis
461 2030 575 2091 ⁴autam
589 2048 671 2115 quae
686 2048 704 2092 e
718 2028 818 2094 Fabio
839 2028 945 2113 bausit
966 2028 1164 2096 Liuius'fere
1185 2030 1290 2095 omnia
1304 2052 1385 2118 quae

315 2132 442 2198 exhibet
467 2131 655 2198 Plutarchus
682 2133 858 2229 anunm
876 2136 910 2199 et
937 2136 1126 2219 conspirant.
1182 2136 1310 2220 dignum
1338 2144 1386 2205 est

314 2243 558 2305 commemoratu
584 2239 788 2305 Plutarchum
809 2238 848 2304 de
871 2240 1092 2329 seipsoque
1115 2230 1240 2307 Liuium
1260 2248 1386 2326 praetor
1409 2320 1412 2323 .

314 2344 479 2430 Polybium
511 2344 796 2410 ulterum1f0ntem
827 2345 974 2411 habuisse
1008 2347 1173 2426 annuitur,
1202 2368 1274 2413 cum
1294 2348 1384 2415 Liuio

315 2450 489 2518 consentire
515 2450 700 2515 ratmantem
731 2451 778 2516 ita
805 2472 924 2517 cornua
939 2499 942 2509 .
956 2450 1166 2518 Heumibalem
1198 2454 1383 2531 extendisse,

314 2565 352 2623 ut
371 2558 416 2623 ab.
434 2564 523 2640 tergo
543 2555 650 2621 hostes
672 2557 968 2622 cimumuenheutrrr
986 2558 1050 2645 (Pl.
1066 2558 1157 2637 XVI,
1181 2558 1247 2645 lot
1269 2565 1383 2627 suato-

314 2685 404 2749 gema
425 2683 501 2727 uero
523 2660 717 2738 Hannibalis,
740 2662 826 2749 quod
847 2662 1004 2749 quomodo
1025 2669 1187 2746 peractum
1209 2666 1251 2745 sit
1266 2686 1284 2730 e
1302 2666 1384 2731 Liuii

315 2769 447 2835 obscura
473 2773 506 2831 et
531 2768 681 2851 perplexa
708 2769 888 2834 narratione
916 2790 978 2835 non
1007 2771 1218 2854 cognoscitur,
1247 2772 1384 2839 breuiter

314 2883 348 2941 et
368 2874 502 2941 dilucide
530 2875 626 2942 oculis
653 2875 767 2941 subicit
796 2875 995 2959 Plutarchus,
1025 2882 1061 2941 ut
1087 2876 1212 2955 Liuium
1238 2880 1304 2943 eius
1326 2900 1383 2944 au-

314 2989 432 3052 ctorem
464 2980 560 3046 brisso
591 2981 722 3063 cogitari
754 2982 808 3058 uix
840 2982 950 3065 possit.
1001 2982 1065 3049 iam
1091 3003 1166 3049 uero
1193 2984 1307 3051 mirum
1335 2992 1384 3051 est

314 3089 516 3156 Plutarchum
529 3087 691 3171 puluerem
704 3109 782 3171 prae
797 3088 910 3153 camna
927 3087 1105 3154 turbauisse
1118 3090 1275 3157 Romanos
1297 3110 1382 3156 com·

312 3195 549 3272 memorauisse,
581 3216 651 3259 cum
679 3194 786 3259 Liuius
814 3196 1005 3260 mentionem
1032 3194 1157 3283 quidem
1184 3196 1261 3262 facit
1286 3199 1383 3275 uenti,

315 3303 385 3388 sed¹
399 3302 498 3368 multo
526 3302 675 3367 maiorem
697 3307 832 3385 stragem
854 3302 1065 3367 Romanorum
1087 3300 1224 3369 effecisse
1246 3304 1383 3368 transfu-
1443 3295 1447 3305 ‘

314 3432 370 3495 gas
396 3407 548 3475 Numidas
577 3410 803 3486 existimauisse
824 3409 957 3477 uidetur.
1001 3410 1109 3498 itaque
1131 3411 1185 3498 qui
1206 3409 1288 3475 Liuii
1310 3431 1383 3475 nar-

314 3518 469 3583 rationem
495 3515 698 3598 excerpsisset
723 3515 835 3606 -potius
864 3516 951 3581 illam
978 3515 1119 3585 fraudem
1151 3516 1261 3600 opinor
1289 3538 1384 3605 quam

314 3623 380 3687 uim
405 3609 500 3686 uenti
518 3619 771 3703 praedicauisset
817 3620 1045 3685 consentientes
1067 3640 1142 3687 uero
1166 3642 1237 3689 cum
1257 3621 1382 3687 Plutar-

314 3728 373 3794 cho
395 3728 490 3793 etiam
511 3726 673 3809 Appianus
696 3731 728 3790 et
748 3726 886 3791 Zonaras
909 3726 1137 3791 uehementiam
1158 3727 1294 3811 pulueris
1315 3748 1382 3793 ma-

314 3835 387 3899 ioris
413 3833 562 3898 momenti
589 3854 683 3920 quam
712 3839 830 3899 ceteros
859 3832 947 3899 dolos
970 3832 1155 3900 Hannibalis
1178 3836 1381 3927 quasplures

313 3944 495 4005 enumerant
516 3939 696 4004 aestimasse
719 3940 874 4005 nudentur.
918 3940 1039 4005 nubum
1056 3940 1189 4029 denique
1216 3940 1382 4025 uestigium

313 4044 399 4131 apud
430 4044 554 4111 Liuium
585 4047 720 4113 occurrit
751 4044 934 4124 uerborum,
969 4067 1051 4134 quae
1078 4046 1265 4115 Plutarchus
1293 4047 1382 4134 (XV)

313 4149 523 4216 Hannibalem
551 4150 678 4234 Gisgoni
706 4151 862 4217 dicentem
888 4152 972 4217 facit.
1023 4153 1164 4218 uidemus
1191 4151 1287 4234 igitur
1315 4172 1382 4219 esse

314 4256 427 4344 quibus
449 4278 524 4321 num
545 4257 653 4322 Liuius
675 4258 745 4323 fons
766 4258 926 4322 Plutarchi
948 4257 1058 4323 haberi
1078 4258 1178 4341 possit
1199 4257 1232 4323 in
1253 4257 1382 4324 dubium

313 4366 452 4440 uocetur,
475 4362 552 4427 nihil
575 4384 650 4428 uero
665 4362 789 4429 obstare
805 4358 970 4451 ¹quominus
992 4360 1125 4427 Fabium
1146 4360 1301 4428 Pictorem
1323 4362 1381 4428 du-

313 4488 380 4533 cem
406 4468 501 4535 fiisse
528 4468 689 4535 Plutarchi
713 4490 877 4553 ponamus.
929 4469 984 4534 sed
1009 4474 1108 4535 restat
1134 4469 1263 4558 insignis
1285 4469 1380 4547 locus,

311 4595 406 4662 quem
444 4576 619 4662 quaestioni
651 4580 776 4644 nostrae
808 4575 911 4644 lucem
943 4575 1081 4663 aliquam
1111 4576 1279 4641 mannum
1313 4596 1382 4643 esse

312 4702 480 4765 speramus.
524 4703 597 4746 nam
629 4688 796 4772 postquam
821 4682 1007 4747 Plutarchus
1036 4702 1135 4771 aeque
1158 4702 1195 4747 ac
1216 4680 1325 4749 litoius
1347 4670 1380 4746 et
