3417 5567
747 655 968 726 ..16-

324 867 401 935 haec
430 867 513 934 Liuii
546 867 643 933 uerba
673 867 720 933 ita
749 868 905 951 accepisse
939 865 1200 944 Chaeronensem,
1234 870 1395 949 tamquam

323 994 421 1039 unum
443 994 463 1039 a
484 974 575 1039 Iiuio
603 973 753 1039 traditum
778 974 892 1038 fiusset
923 971 1099 1057 prodigium
1128 977 1224 1055 atquc
1256 994 1296 1037 ex
1327 973 1395 1057 ipso

324 1080 403 1145 caeli
424 1079 514 1146 hiatu
535 1085 635 1144 sortes
659 1078 858 1156 decidissent,
886 1084 962 1143 ante
982 1078 1128 1145 Petcrum
1155 1078 1219 1144 iam
1240 1078 1395 1143 Perizoni-

325 1186 404 1263 nius,
427 1186 520 1250 anim.
542 1186 614 1251 hist.
637 1186 683 1250 IX
704 1206 775 1269 pag.
793 1185 859 1251 380
881 1184 969 1270 (edit.
988 1184 1395 1270 Amstel.1685)animod·

325 1292 434 1357 uertit.

325 1398 372 1463 Pl
386 1397 442 1462 111
458 1399 497 1462 4:
513 1395 608 1472 αὐτὸς
623 1396 752 1485 (Flam)
767 1394 851 1463 δ’ἒπὶ
882 1396 949 1461 Liu.
966 1396 1067 1473 XXII,
1091 1396 1196 1473 3,⁴11=
1219 1416 1290 1460 cum
1307 1396 1341 1461 in
1363 1417 1396 1460 c-

324 1501 380 1572 viv
399 1502 501 1569 ἵππου
529 1499 705 1586 (ἰλλόμενος
728 1500 764 1584 ἐξ
796 1500 850 1569 οὗ·
882 1524 978 1587 quum
1005 1502 1183 1579 insiluisset,
1217 1522 1314 1585 equus
1346 1521 1396 1567 re-

324 1607 416 1683 δονὸς
438 1609 543 1675 αἰτίου
562 1605 727 1698 προδήλου
743 1632 851 1693 παρα·
881 1612 975 1692 pente
1019 1608 1135 1672 corruit
1178 1608 1397 1692 consulemque

326 1712 427 1798 λόγως
464 1711 619 1801 ἐντρόμου
658 1715 715 1781 τοῦ
747 1712 851 1780 ἵππου
880 1714 1001 1798 lapsum
1024 1735 1116 1798 super
1138 1718 1232 1799 caput
1251 1712 1368 1779 effudit.

326 1823 497 1905 γενομένου
519 1819 575 1885 καὶ
595 1823 764 1905 πτυρέντος
786 1819 851 1903 ἕξὲ-
944 1834 946 1844 ’

327 1946 405 1993 crece
426 1924 479 1992 καὶ
501 1926 703 2007 κατενεχθεὶς
725 1924 780 1992 ἐπὶ
801 1949 851 1993 κε-
967 1958 969 1966 ⁴

329 2029 445 2120 τοο.
468 2082 476 2095 -
499 2082 537 2095 --

328 2142 468 2201 extrema
494 2136 576 2201 Liuii
598 2136 696 2202 uerba
721 2136 800 2202 falso
826 2136 999 2203 reddidisse
1025 2134 1226 2203 Plutarchum
1254 2136 1399 2219 opinatm·

255 2230 258 2234 ’
331 2244 471 2320 Pcterus‚
489 2263 681 2327 quamquam
695 2248 767 2307 uter
780 2243 821 2308 dc
834 2265 875 2309 ea
889 2262 923 2308 re
944 2243 1059 2307 rectius
1076 2241 1249 2327 prodiderit
1262 2263 1302 2306 ne
1317 2240 1397 2306 diiu-

326 2349 426 2413 dicari
440 2349 565 2433 quidem
580 2356 694 2433 potest.
717 2372 793 2416 nam
814 2352 868 2435 qui
890 2356 1015 2435 praetor
1036 2370 1092 2414 eos
1111 2347 1196 2415 idem
1210 2369 1303 2415 omen
1325 2369 1398 2413 nar-

328 2463 478 2521 rauerunt
498 2457 641 2523 Valerius
663 2457 818 2522 Maximus
839 2458 866 2535 I,
889 2457 920 2535 6,
940 2457 963 2521 6
985 2462 1019 2520 et
1043 2454 1159 2533 Cicero,
1181 2454 1221 2521 de
1235 2462 1300 2521 nat.
1313 2454 1397 2523 deor.

328 2561 467 2640 11‚3,8
507 2562 625 2627 nullam
651 2564 741 2629 nobis
767 2564 869 2629 lucem
895 2562 1038 2640 afferunt,
1069 2562 1143 2646 quia
1170 2563 1250 2627 alter
1275 2562 1400 2627 linium

324 2674 452 2733 secutus
474 2674 542 2746 est,
560 2668 642 2733 'alter
668 2690 781 2753 pamm
809 2674 954 2734 accurate
975 2688 1042 2733 rem
1063 2667 1202 2733 tradidit
1247 2673 1342 2753 atque
1364 2674 1400 2733 ut

329 2774 481 2839 errauerit
500 2774 696 2854 Plutarchus,
719 2776 777 2843 hos
798 2797 919 2842 errores
934 2797 998 2842 non
1020 2774 1145 2841 aliunde
1168 2776 1228 2841 nisi
1242 2796 1261 2842 e
1275 2776 1396 2841 Latinis

327 2880 411 2945 Liuii
438 2881 543 2946 uerbis
569 2883 650 2949 falso
674 2885 838 2949 intellectis
865 2884 965 2968 repeti
992 2902 1084 2967 posse
1112 2903 1268 2966 negamus.
1313 2890 1397 2949 certe

327 2987 361 3051 in
390 2986 516 3053 eosdem
544 3010 662 3055 errores
689 2991 889 3075 neglegenter
916 2990 1004 3055 lectis
1026 2989 1153 3055 Graecis
1175 2988 1265 3055 Fabii
1293 2990 1396 3055 uerbis

327 3094 463 3159 incidere
484 3097 588 3179 potuit
608 3096 803 3163 Plutarchus.
836 3136 882 3147 --
915 3098 1025 3162 tertius
1047 3117 1143 3174 error,
1176 3102 1214 3160 ut
1239 3095 1301 3161 hoc
1327 3094 1395 3160 loco

328 3220 436 3265 omnes
459 3222 536 3283 quos
558 3200 650 3266 affert
670 3202 800 3267 Peterus
821 3222 1067 3287 percenseamus,
1091 3207 1139 3267 est
1160 3201 1225 3266 hic:

328 3306 374 3371 Pl
425 3306 478 3370 IV.
526 3307 579 3372 32:
638 3304 674 3393 (ὁ
722 3307 873 3393 δικτάτωρ
926 3304 1059 3397 ηὔξατο)
1088 3308 1156 3373 Liu.
1172 3306 1272 3385 XXII,
1292 3308 1343 3385 10,
1359 3308 1395 3371 7:

329 3409 411 3490 θεὰς
431 3411 585 3495 μουσικὰς
606 3414 659 3479 καὶ
679 3411 860 3499 θυμελικὰς
883 3409 971 3497 ἄξειν
994 3411 1060 3481 ἀπὸ
1090 3412 1228 3479 eiusdem
1242 3413 1288 3478 rei
1302 3434 1396 3478 carisa

329 3520 518 3606 ormentiaco
550 3524 734 3606 corcuculus
768 3518 933 3607 τριάκοντα
970 3521 1062 3607 τριῶν
1089 3518 1155 3584 ludi
1189 3520 1294 3602 magni
1331 3520 1397 3584 uoti

330 3624 384 3690 καὶ
407 3626 564 3711 δηναρίων
586 3629 771 3711 τριακοσίων
791 3623 956 3710 τριάκοντα
970 3628 1062 3713 τριῶν
1090 3626 1172 3691 aeris
1183 3627 1329 3690 trecentis
1338 3626 1395 3689 tri-

331 3727 379 3794 ἔτι
410 3733 612 3817 τριτημορίου
646 3730 826 3815 προσόντος.
863 3734 996 3799 «Τοῦτο
1026 3729 1061 3799 τὸ
1091 3731 1178 3814 ginta
1198 3731 1298 3797 tribus
1313 3730 1395 3795 mili-

331 3831 503 3919 κεφάλειόν
524 3833 608 3901 ἐστιν
631 3834 711 3902 ὄκτῶ
731 3834 884 3924 μυριάδες
913 3841 1063 3926 δραχμῶν
1090 3837 1148 3903 bus
1168 3838 1315 3903 trecentis
1340 3838 1396 3902 tri·

328 3939 381 4005 καὶ
398 3941 536 4024 δραχμαὶ
550 3943 718 4025 τρισχίλιοι
731 3939 934 4009 πεντακόσιαι
949 3941 1062 4034 ὀγδοή·
1093 3944 1180 4027 ginta
1209 3944 1309 4010 tribus
1334 3946 1392 4008 tri·
1468 4006 1472 4011 .

328 4068 424 4111 κοντα
444 4055 525 4131 τρεῖς
545 4040 598 4113 xci
622 4046 681 4115 δύο
703 4046 824 4134 ὀβολοί.
930 4130 932 4135 ¹
1093 4055 1175 4114 ente.

329 4171 483 4217 smnmam
500 4151 631 4217 eandem
646 4174 741 4237 quam
763 4153 872 4218 Liuius
888 4153 1015 4221 exhibet
1028 4176 1100 4220 aere
1115 4156 1204 4238 graui
1219 4176 1397 4239 expressam

329 4261 404 4321 ante
426 4257 531 4323 oculos
552 4257 699 4325 hahuisse
714 4259 917 4325 Plutarchum
939 4261 1007 4327 ueri
1030 4261 1130 4327 simile
1154 4267 1211 4340 est,
1235 4263 1310 4347 quia
1327 4262 1398 4327 miri

330 4363 450 4428 numeri
473 4366 653 4449 conspirant
674 4387 745 4433 cum
766 4387 814 4431 eo.
860 4388 920 4431 aes·
936 4389 1009 4433 uero
1031 4375 1265 4453 permutaturus
1291 4370 1325 4434 in
1346 4390 1397 4434 ar·

330 4478 457 4551 gentum
484 4469 591 4555 lapsus
631 4477 679 4537 est
707 4472 842 4538 denmiis
870 4474 980 4558 positis
1009 4476 1077 4541 loco
1106 4474 1318 4541 sestertiorum
1344 4474 1397 4561 (cf.

331 4597 411 4659 quac
432 4576 651 4644 Weissenborn
672 4580 837 4645 annotauit
858 4580 900 4645 ad
928 4581 1010 4646 hunc
1032 4581 1114 4647 Liuii
1141 4582 1267 4666 locum).
1312 4582 1398 4646 ouius

330 4683 441 4748 enoris
463 4705 558 4759 causa
573 4685 833 4768 quemadmodum
854 4686 969 4753 Latina
990 4686 1073 4754 Liuii
1093 4688 1190 4753 uerba
1203 4686 1312 4753 haberi
1326 4676 1409 4772 pos·'
