3417 5567
741 615 961 682 ..22-

313 849 415 913 neque
442 848 463 892 a
491 826 620 913 Polybio
647 848 749 911 nequo
776 850 796 893 a
823 828 915 893 Liuio
943 826 1144 895 Plutarchum
1170 828 1306 913 pendere
1334 826 1388 895 de-

313 936 600 1014 monstrauerimus,
623 933 863 1001 similitudinum
886 956 964 1020 quas
986 936 1142 1001 intereos
1165 942 1272 1001 extare
1294 958 1389 1021 supra

311 1041 492 1107 notanimus
521 1062 602 1124 quae
630 1042 695 1107 alia
721 1047 827 1125 potest
853 1042 950 1106 111111
978 1061 1073 1107 causa
1100 1061 1195 1125 quam
1217 1042 1388 1108 communie

313 1147 354 1212 ab
377 1145 523 1242 omnibns
545 1145 705 1212 adhibitus
726 1146 818 1211 fons?
846 1146 903 1211 sod
924 1146 985 1211 hoo
1009 1147 1164 1211 communi
1185 1146 1272 1213 fonte
1295 1169 1387 1232 quem

312 1253 445 1319 Fabium
471 1254 628 1319 Pictorem
654 1253 751 1319 brisso
779 1275 876 1338 supra
896 1255 1097 1338 probauirnus
1119 1254 1244 1320 diuersa
1265 1256 1387 1321 ratione

312 1361 362 1425 usi
383 1366 466 1438 sunt,
489 1381 560 1425 cum
581 1357 730 1444 Polybius
752 1380 835 1443 quae
858 1358 899 1426 eb
922 1380 959 1426 eo
981 1365 1109 1425 narrata
1131 1366 1221 1427 erant
1243 1362 1387 1440 correxit,

310 1467 420 1533 Liuius
449 1467 511 1532 alia
539 1487 579 1531 ex
600 1466 670 1531 aliis
692 1466 831 1532 fontibus
852 1466 1027 1534 admiscens
1050 1466 1239 1545 obscurarit,
1261 1467 1386 1533 Plutar-

311 1572 389 1638 chus
410 1594 488 1657 pure
510 1577 605 1655 atque
627 1574 747 1657 integra
767 1572 908 1639 reddidit
920 1572 1071 1639 nonnulla
1092 1573 1224 1639 fortasse
1245 1580 1385 1659 praeter-

310 1680 440 1744 mittens
461 1679 539 1744 nihil
560 1700 637 1745 uero
659 1679 784 1744 aliunde
805 1679 1004 1764 adspergere.
1045 1685 1140 1763 atque
1162 1680 1208 1744 ita
1229 1700 1295 1745 rem
1318 1700 1385 1745 esse

309 1784 396 1849 haud
418 1786 481 1850 scio
503 1807 546 1849 an
567 1784 730 1850 confirmet
756 1786 853 1851 etiam
874 1785 1046 1870 Appianas,
1070 1806 1163 1868 quem
1183 1785 1239 1852 ubi
1259 1785 1384 1851 Plutar-

311 1891 387 1957 chus
414 1914 436 1956 a
461 1891 554 1959 Liuio
580 1898 638 1957 aut
664 1891 794 1978 Polybio
823 1893 968 1962 dissentit
1000 1893 1183 1977 plerumque
1212 1912 1284 1956 cum
1310 1891 1383 1955 Plu-

310 1998 421 2063 tarcho
452 2000 631 2083 conspirare
657 1998 819 2064 uideamus
847 2019 1003 2083 quemque
1024 2004 1150 2083 praeter
1171 1998 1280 2076 multa,
1304 2018 1385 2081 quae

311 2124 409 2187 snpra
429 2104 557 2170 modum
581 2105 725 2169 ueritatis
752 2110 846 2170 aucta
874 2125 942 2170 esse
964 2109 1060 2188 atque
1082 2125 1100 2168 e
1121 2105 1227 2188 prauis
1245 2104 1383 2170 fontibus

310 2230 456 2275 manasse
488 2212 612 2289 eminet,
645 2231 709 2276 non
741 2232 814 2277 raro
845 2232 939 2276 ueras
961 2210 1052 2275 Fabii
1079 2210 1213 2276 Pictoris
1235 2212 1383 2295 reliquias

310 2335 452 2380 seruasse
481 2316 658 2382 dixerimus.
707 2316 863 2383 consentit
888 2317 971 2382 enim
998 2316 1115 2402 (Hann.
1145 2317 1197 2395 14,
1226 2315 1283 2403 15)
1312 2338 1383 2383 cum

171 2438 178 2444 ·
300 2421 478 2521 'Plutarcho
511 2421 551 2487 de
583 2422 645 2488 loci
677 2428 791 2488 natura
819 2428 852 2487 et
885 2422 1081 2488 Hannibalis
1094 2421 1320 2507 desperatione,
1342 2423 1383 2489 de

309 2527 379 2593 loco
401 2549 463 2612 quo
485 2533 590 2593 castra
610 2529 773 2594 constituit
793 2528 909 2595 Fabius
931 2528 1025 2593 etde
1047 2550 1175 2593 numero
1198 2549 1306 2595 eornm
1328 2530 1382 2613 qui

309 2635 425 2700 saltum
452 2633 678 2700 custodiebant
710 2634 828 2717 pariter
848 2639 946 2718 atque
968 2654 1076 2699 omnes
1096 2634 1238 2700 heodem
1260 2636 1384 2701 Hanni.

308 2740 389 2808 balis
411 2741 567 2806 describit.
898 2826 901 2830 .
1395 2740 1403 2747 “

413 2847 582 2931 Pergamus
613 2846 729 2911 relicua
742 2913 747 2923 ,
762 2845 963 2930 perlustrare,
990 2866 1072 2930 quae
1099 2845 1252 2912 dictatore
1280 2847 1379 2913 Fabio

307 2954 446 3019 Maximo
477 2960 566 3038 gesta
598 2973 666 3018 esse
697 2959 844 3019 narratur
877 2953 973 3040 (Plut.
1002 2953 1204 3029 vn-xffl;
1234 2953 1300 3018 Pol.
1322 2952 1379 3031 HI,

309 3060 500 3138 ror-1053
523 3060 590 3125 Liu
606 3060 709 3138 XXII,
724 3060 880 3144 23-30).
926 3080 964 3125 ac
985 3059 1025 3124 de
1049 3060 1087 3124 iis
1110 3050 1262 3143 quantum
1283 3060 1379 3125 iidem

307 3173 372 3233 tres
400 3175 542 3233 auctores
570 3169 653 3232 inter
680 3188 715 3233 se
744 3167 924 3251 conspirent
949 3167 1063 3231 mirum
1092 3187 1159 3231 esse
1188 3167 1242 3250 qui
1271 3167 1381 3250 legerit

307 3294 361 3340 eos
383 3294 446 3339 non
467 3274 603 3358 negabit
637 3294 713 3338 nam
734 3292 940 3357 quaecunque
962 3272 1090 3339 exhibet
1105 3272 1252 3356 Polybius
1276 3273 1381 3341 onnia

306 3381 414 3464 paucis
441 3382 474 3444 in
506 3385 674 3463 angustum
708 3380 840 3445 coactis
859 3378 942 3463 apud
970 3378 1173 3445 Plutarchum
1199 3379 1379 3463 reperimus.

306 3485 533 3569 discrepantiae
560 3486 673 3571 dignae
700 3507 782 3571 quae
806 3491 956 3552 notentur
978 3486 1083 3551 nullae
1106 3491 1279 3551 occurrunt
1324 3483 1380 3551 sed

307 3613 378 3657 cum
399 3592 547 3677 Polybius
565 3592 698 3658 Fabium
720 3591 805 3658 domi
826 3590 1095 3658 criminationibus
1116 3578 1213 3675 uulgi'
1225 3592 1379 3676 agitatum

307 3719 384 3776 esse,
412 3698 584 3763 Minucium
611 3697 652 3763 ab
673 3699 803 3763 interitu
815 3703 985 3765 retractum
1006 3698 1141 3764 ferocem
1162 3699 1300 3763 animum
1321 3698 1379 3763 eb-

238 3804 241 3809 ’
305 3804 414 3871 iecisse
436 3811 468 3868 et
490 3804 548 3870 sub
569 3805 735 3888 imperium
748 3805 839 3872 Fabii
861 3804 1000 3883 rediisse,
1026 3824 1064 3870 ea
1086 3824 1167 3889 quae
1189 3805 1378 3890 amplissime

305 3910 477 3976 illustrauit
497 3910 692 3989 Plutarchus,
715 3911 770 3975 uix
791 3910 1022 3994 significarent,
1045 3912 1151 3977 omnia
1174 3916 1281 3975 autem
1302 3931 1377 3976 eon-

306 3988 455 4082 11111111ο
470 4038 542 4082 omn
565 4015 734 4081 Plutarcho
761 4018 941 4101 exposuerit
967 4018 1087 4096 liuius,
1113 4016 1204 4114 nobis
1227 4038 1289 4082 non
1310 4022 1378 4082 tam

306 4122 346 4188 de
368 4122 499 4207 Polybio
521 4142 617 4206 quarn
638 4121 680 4187 de
700 4122 792 4187 Liuio
815 4123 1027 4207 quaerendum
1042 4144 1110 4189 esse
1132 4124 1165 4189 in
1187 4128 1297 4208 aperto
1320 4128 1376 4189 est.

304 4235 400 4313 atque
423 4231 521 4294 totins
542 4227 730 4293 narrationis
751 4227 833 4294 ratio
855 4233 922 4293 tam
944 4235 993 4303 est
1015 4229 1122 4294 similis
1144 4228 1230 4313 apud
1251 4228 1377 4295 Liuium

304 4339 338 4399 et
357 4334 580 4412 Plutarchum,
613 4338 650 4399 ut
682 4333 738 4418 qui
771 4334 939 4400 Plutarcho
972 4335 1097 4401 licium
1129 4334 1248 4401 fontem
1281 4335 1377 4403 brisso

304 4441 551 4506 existimauerim
571 4460 636 4506 non
657 4439 819 4506 aberrasse
840 4441 1020 4508 coniectus
1034 4432 1208 4506 uideantur.
1231 4440 1287 4505 sed
1309 4460 1375 4506 esse

303 4536 450 4632 putamus
478 4567 560 4631 quae
593 4546 721 4613 obstent
751 4546 826 4612 huic
853 4547 1000 4631 opinioni.
1051 4546 1091 4613 de
1117 4568 1266 4632 prospero
1293 4548 1375 4613 enim

304 4652 473 4719 certamine
493 4652 624 4718 Minucii
646 4652 769 4718 etiamsi
795 4652 880 4719 idem
901 4654 1042 4719 sentiunt
1062 4654 1146 4719 iusta
1167 4654 1235 4719 acie
1256 4659 1290 4719 et
1310 4654 1373 4720 ool-
