3417 5567
746 638 965 703 ..33-

322 854 436 917 nauem
455 850 609 917 exteriore
624 849 732 917 ordine
745 856 901 917 ramorum
915 854 1003 915 actas
1018 868 1086 913 esse
1101 847 1201 934 (vm,
1217 848 1262 933 6).
1295 868 1393 935 quam

319 964 389 1024 tam
422 958 579 1041 copiosam
598 976 648 1022 ac
678 957 810 1023 claram
827 955 1068 1039 desmtptienem
1097 953 1220 1037 Polybii
1236 954 1297 1040 ¹qui
1312 959 1392 1019 aute

320 1064 428 1130 ¹obulos
459 1062 557 1129 habet
587 1066 625 1127 ut
649 1084 820 1147 perperam¹
843 1063 1067 1147 interpretatum
1097 1060 1165 1125 fieri
1192 1073 1256 1125 non
1277 1064 1391 1143 potest

321 1172 430 1258 ltaque
448 1187 581 1235 necesse
603 1175 652 1235 est
671 1174 708 1235 ut
729 1170 829 1235 alium·
847 1167 1033 1235 Plutarchus
1054 1166 1201 1233 habuerit
1221 1172 1392 1244 auctorem,

322 1276 378 1364 qui
403 1282 590 1361 apparatum
615 1276 757 1342 Marcelli
784 1281 840 1341 aut
859 1276 943 1341 item
970 1295 1008 1340 ac
1033 1272 1220 1339 Plutarchus
1240 1278 1298 1338 aut
1318 1273 1392 1337 stri-

322 1380 397 1446 ctim
427 1402 466 1446 ac
485 1382 599 1447 minus
628 1382 711 1447 olere
740 1381 948 1466 descnpserit,
979 1385 1016 1445 ut
1036 1380 1125 1445 illum
1144 1398 1248 1445 errore
1268 1380 1392 1463 lapsum
1517 1370 1524 1374 ¹

322 1506 391 1551 esse
421 1487 525 1570 putari
558 1488 685 1571 possit
719 1487 840 1553 accedit
870 1486 956 1575 quod
991 1486 1072 1551 alter
1102 1506 1200 1551 naues
1225 1506 1291 1550 una
1320 1506 1392 1550 cum

322 1592 469 1659 machina
504 1593 560 1659 illa
604 1592 770 1659 sambucae
804 1594 944 1677 ¹speciem
983 1591 1163 1677 praebuisse
1193 1592 1273 1683 (Pol.
1305 1591 1392 1669 VIII,

323 1699 378 1784 6),
399 1699 479 1765 alter
501 1698 602 1783 ipsam
634 1700 809 1767 machinam
834 1700 1002 1765 sambucae
1034 1699 1167 1764 similem
1187 1698 1284 1764 firisse
1315 1698 1392 1763 dicit

200 1895 204 1900 ¹
323 1804 420 1892 (Plut.
442 1806 512 1884 XV,
539 1806 610 1891 20).
666 1813 704 1873 ac
735 1807 763 1871 si
784 1812 883 1913 recto¹
891 1806 1017 1872 Liuium
1037 1805 1160 1889 Polybii
1180 1805 1392 1870 narrationem
1523 1854 1527 1859 .

322 1911 387 1977 fere
420 1912 585 1997 integram
614 1913 759 1979 exhibere
796 1915 972 1992 statuimus,
1003 1914 1136 1979 fumasse
1166 1913 1328 1978 Plutarchi
1359 1919 1393 1979 et

322 2018 444 2103 Polybii
475 2020 640 2086 discrimen
670 2021 911 2088 existimandum
938 2026 1001 2099 est,
1017 2067 1020 2072 ψ
1035 2020 1120 2108 quod
1147 2020 1255 2084 Liuius
1291 2019 1392 2098 XXV,

320 2125 366 2191 ,23
388 2131 417 2209 ξ.
441 2127 461 2190 3
496 2125 572 2191 dicit
599 2133 732 2205 turrem,
755 2128 844 2192 iuxta
872 2149 967 2215 quam
989 2126 1123 2192 Romami
1143 2144 1267 2192 murum
1288 2132 1391 2193 trans-

321 2233 523 2312 scendebant,
552 2236 703 2301 intentius
731 2235 920 2300 custoditam
953 2254 1030 2311 esse,
1064 2216 1253 2299 Plutarchus
1285 2239 1392 2299 autem

320 2338 438 2416 XVIII,
465 2341 508 2405 13
535 2346 654 2406 harem
673 2340 812 2412 eandem
833 2340 990 2425 praesidio
1012 2340 1173 2407 defensam
1194 2361 1263 2406 esse
1283 2340 1391 2406 tradit

321 2445 429 2531 itaque
456 2445 483 2509 si
510 2463 568 2512 nec
594 2446 703 2513 Liuius
731 2467 788 2513 nec
815 2445 963 2531 Polybius
984 2446 1054 2513 fons
1075 2446 1136 2511 furit
1156 2446 1327 2525 Plutarchi,
1348 2449 1391 2513 si·

321 2549 532 2617 militudinum
561 2572 641 2640 quae
664 2553 726 2617 alia
744 2572 816 2617 asse
843 2557 949 2636 potest
974 2573 1071 2617 causa
1092 2573 1189 2639 quam
1211 2552 1294 2617 idem
1316 2559 1350 2619 at
1366 2575 1392 2619 a

322 2656 451 2740 Polybio
480 2662 514 2722 ct
547 2679 567 2722 a
600 2656 768 2723 Plutarcho
799 2663 966 2746 usurpatus
996 2661 1116 2746 auctor,
1144 2678 1238 2746 quem
1258 2658 1391 2724 Fabium

322 2763 477 2830 Pictorem
505 2784 572 2829 esse
601 2784 696 2847 supra
723 2762 933 2851 probarimus.
963 2799 1007 2812 «-
1035 2769 1091 2829 aut
1111 2765 1209 2848 ipsius
1230 2763 1392 2830 Plutarchi

322 2867 484 2935 doctrinae
499 2874 557 2934 aut
577 2868 648 2935 aliis
670 2868 808 2936 fontibus
831 2868 1019 2952 assignanda
1039 2875 1114 2935 sunt
1135 2870 1278 2956 quaeda
1299 2869 1391 2935 disci·

321 2974 408 3059 plina
434 2975 622 3043 ,mechanica
654 2982 687 3041 et
706 3016 708 3021 ,
720 2976 914 3061 praestantia
947 2976 1149 3059 geometriae,
1181 2976 1222 3048 de
1254 2976 1392 3043 moribus

321 3081 492 3170 diuinoque
521 3083 644 3167 ingenio
677 3082 887 3150 Archimedis⁴
904 3082 1077 3167 disputarit
1110 3081 1209 3169 (XIV,
1243 3082 1391 3159 21-603

321 3188 427 3266 XVII,
457 3190 611 3275 lo-lru
656 3210 674 3255 e
701 3190 797 3255 uariis
821 3188 999 3254 auctcnbus
1022 3187 1271 3254 narratiunculas
1292 3188 1390 3253 inter·

321 3296 438 3362 feoda
459 3296 559 3361 milite
580 3294 721 3363 Romano
743 3294 1151 3377 ArchimediscongessIsse
1172 3292 1307 3359 uidetur.
1341 3298 1401 3359 at·-

319 3420 385 3489 ‹pue
404 3403 537 3486 primam
558 3424 667 3469 earum
680 3402 778 3469 Fabio
793 3402 910 3469 Pictori
926 3400 1033 3469 deberi
1053 3400 1237 3467 uerisimile
1255 3407 1316 3479 cst,
1338 3422 1391 3467 ce·

320 3516 460 3577 terarum
488 3516 594 3575 autam
622 3516 765 3577 auctores
793 3508 847 3597 qui
873 3508 990 3575 fuerint
1021 3507 1165 3574 indicari
1186 3528 1250 3574 non
1275 3511 1391 3591 potest,

321 3617 396 3704 quia
423 3616 478 3704 qui
503 3616 676 3681 accuratius
703 3614 743 3683 de
771 3619 874 3681 morto
899 3613 1093 3681 Archimedis
1121 3618 1251 3697 egerunt
1271 3612 1390 3699 (Valer.

321 3725 406 3791 Max.-
428 3724 514 3801 VIII,
530 3724 568 3787 ·7
591 3728 654 3789 ext.
678 3724 713 3800 73
740 3724 851 3790 Zona,
873 3722 929 3799 IX,
949 3720 991 3799 ὃς
1018 3719 1389 3802 armaturarum

322 3852 380 3915 pra
396 3829 577 3916 laudatum)
600 3850 671 3895 cum
692 3830 781 3896 nulla
801 3829 989 3913 conspirant.
1041 3850 1125 3916 quae
1147 3830 1231 3915 (cap.
1252 3826 1328 3913 XX)
1350 3826 1390 3895 de

321 3937 412 4003 Nicia
434 3941 633 4021 exponuntur
653 3956 671 4001 e
691 3934 859 4003 Posidonio
879 3956 950 4003 esse
961 3940 1096 4019 sumpta
1116 3935 1184 4019 ipse
1203 3932 1391 4003 Plutarchus

321 4043 478 4128 professus
495 4047 557 4109 'est
793 4072 796 4081 ’

428 4148 474 4220 Ut
495 4154 590 4215 autea
607 4149 683 4215 item
703 4148 797 4215 iniis
820 4170 902 4237 quae
920 4154 1069 4214 secmtm
1089 4145 1243 4231 capitibus
1264 4146 1391 4215 miuus

323 4248 449 4319 uersum
477 4243 631 4321 consentit
651 4255 840 4323 Plutarchus
860 4277 931 4321 cum
949 4254 1060 4332 minio,
1082 4254 1137 4341 qui
1159 4253 1243 4319 'solus
1265 4252 1392 4321 casdem

321 4378 372 4426 res
394 4359 488 4444 paulo
510 4360 644 4445 amplius
666 4360 819 4428 manauit
844 4359 1047 4427 ,Marcellum
1067 4359 1260 4426 ornamentis
1282 4364 1391 4444 capta·

321 4463 635 4550 romspaeusarum
652 4466 877 4555 pulcherrimis
903 4465 1036 4531 Romam
1059 4464 1231 4550 deportatis
1257 4466 1393 4549 primum

322 4571 479 4639 Romanos
507 4573 699 4643 Gmcarum
719 4574 834 4639 ortirnu
856 4580 953 4658 opera
973 4572 1080 4638 mirari
1102 4570 1254 4648 demisse,
1274 4571 1392 4643 mutto

322 4700 402 4752 tumr
414 4685 521 4745 autem
542 4680 693 4747 maridiam
706 4678 765 4747 sibi
781 4679 982 4757 contradere,
1004 4684 1166 4766 tamquam
1185 4677 1302 4746 auum
1323 4678 1392 4747 aui·
