3417 5567
773 652 982 723 -35—

337 866 439 951 ipsius
471 866 630 932 Plutarchi
666 866 879 932 testimonium
916 864 990 951 (XI,
1027 865 1182 949 22-27).
1226 885 1303 931 nam
1323 870 1409 948 post

339 993 437 1055 quam
473 978 510 1037 ut
545 972 609 1038 iam
641 972 817 1039 monuimus
860 971 901 1037 de
937 970 1064 1041 aciebus
1101 971 1261 1037 instructis
1297 992 1318 1035 a
1355 964 1409 1035 Li-

339 1080 393 1145 uio
437 1078 621 1146 dissentiens
666 1079 860 1162 emptionem
898 1098 918 1142 a
957 1077 1108 1145 Marcello
1151 1078 1184 1145 in
1219 1078 1325 1146 hostes
1361 1076 1409 1142 fa·

339 1191 424 1251 ctam
461 1186 603 1252 narratrit
634 1186 680 1251 ita
716 1186 833 1269 pergit:
884 1188 1045 1267 As‘yooroc
1076 1182 1136 1269 γὰρ
1174 1179 1258 1269 ὑπὲρ
1296 1206 1408 1249 παντο-

336 1292 514 1373 κισχιλίους
534 1289 724 1372 ἀποθανεῆν,
747 1290 931 1358 ἀποκτεῖναι
951 1286 988 1354 δὲ
1010 1285 1176 1373 Ῥωμαίων
1197 1286 1237 1357 οὐ
1260 1290 1410 1373 πλείονας

336 1394 362 1488 ἢ
384 1400 619 1471 πεντακοσίους.
658 1391 696 1461 tO
719 1394 755 1463 δὲ
777 1400 898 1480 Λίβιος
919 1392 1002 1463 οὕτω
1024 1392 1085 1479 μὲν
1107 1392 1146 1462 οὗ
1169 1396 1411 1480 διαβεβαιοῦται

335 1507 490 1587 γενέσθαι
511 1500 652 1591 μεγάλην
673 1488 769 1592 ἧτταν
789 1500 868 1569 οὐδὲ
882 1509 992 1569 musto
1004 1503 1134 1584 νεκροῦς
1154 1498 1323 1579 τοσούτους
1348 1488 1409 1567 noio

335 1610 512 1693 πολεμίων,
533 1609 624 1683 κλέος
647 1605 684 1674 δὲ
698 1611 780 1692 μέγα
793 1608 973 1694 Μαρκέλλῳ
996 1607 1048 1673 καὶ
1062 1602 1231 1691 Ῥωμαίοις
1255 1606 1291 1673 ἐκ
1305 1609 1409 1675 κακῶν

334 1712 461 1801 θάρσος
488 1708 553 1780 ἀπὸ
575 1713 629 1803 τῆς
657 1710 763 1801 μάχης
791 1708 912 1801 &astons
946 1709 1085 1800 ὑπάρξαι
1107 1711 1317 1798 θαυμαστὸν,
1346 1712 1408 1797 οὐχ

336 1817 382 1896 οἷς
405 1816 485 1908 πρὸς
507 1814 634 1904 ἄμαχον
656 1816 734 1886 οὐδὲ
753 1816 919 1909 ἀήττητον,
942 1816 1025 1885 ἀλλά
1045 1845 1074 1885 το
1094 1820 1147 1887 καὶ
1170 1826 1293 1888 παθεῖν
1312 1819 1406 1890 δονά-

333 1950 435 2011 ponor
453 1927 728 2009 διαγωνιζομένοις
756 1926 922 2009 πολέμιον.
971 1926 1110 2009 respexit
1144 1932 1250 1992 autem
1282 1929 1407 1995 Plutar-

334 2034 416 2099 chus
443 2032 485 2097 ad
510 2032 580 2097 Liu.
607 2030 735 2117 XXIII,
757 2031 799 2095 16
822 2036 851 2113 ξ.
876 2030 1021 2095 15—16:
1044 2032 1119 2109 „uix
1142 2032 1287 2117 equidem
1308 2036 1408 2102 ausim

333 2139 493 2205 affirmare
521 2137 606 2223 quod
634 2136 762 2221 quidam
796 2143 938 2209 auctores
965 2141 1039 2202 suut
1061 2136 1123 2203 duo
1145 2139 1232 2204 milia
1253 2145 1285 2205 et
1306 2143 1407 2208 octin-

332 2250 448 2330 gentos
480 2243 617 2309 hostium
649 2262 755 2313 caesos
787 2264 850 2308 non
884 2242 954 2326 plus
986 2243 1162 2326 quingentis
1196 2245 1407 2315 Romanorum

333 2352 468 2419 amissis.
508 2348 568 2415 sod
602 2350 668 2417 siue
700 2354 790 2415 tanta
818 2349 885 2415 siue
911 2348 1012 2414 minor
1039 2350 1171 2415 motoria
1197 2350 1266 2430 finit,
1298 2356 1407 2441 ingens

333 2481 377 2527 eo
404 2446 532 2523 dieras
560 2477 597 2521 ao
624 2458 728 2523 nescio
750 2478 792 2521 an
815 2456 953 2521 maxima
973 2456 1027 2521 illo
1049 2456 1132 2521 bello
1154 2463 1243 2540 gesta
1264 2460 1320 2527 sit:
1343 2485 1407 2529 non

334 2565 424 2631 uinci
449 2564 532 2629 euim
559 2563 599 2649 ab
627 2562 804 2629 Hannibale
830 2562 1026 2629 uincentibus
1054 2563 1209 2630 difficilius
1230 2566 1290 2635 finit
1311 2588 1406 2654 quam

331 2678 448 2759 postea
473 2672 629 2737 iunoere.“
653 2720 657 2727 ο
679 2691 751 2747 cum
777 2670 873 2754 igitur
899 2692 939 2735 ne
957 2690 1128 2765 ³caesorum
1150 2672 1277 2756 quidem
1298 2698 1407 2743 uume-

332 2800 410 2845 rum
431 2778 485 2862 qui
505 2778 539 2842 in
561 2776 671 2864 eodem
692 2777 775 2844 liuii
796 2778 945 2843 locoerat
960 2815 1002 2826 -
1014 2797 1117 2861 neque
1137 2799 1302 2848 numerum
1322 2785 1407 2868 apud

331 2884 462 2951 Liuium
486 2889 674 2967 corruptum
709 2904 791 2961 esse,
824 2891 1016 2967 quamquam
1046 2890 1187 2951 extrema
1218 2887 1279 2953 loci
1309 2891 1406 2958 uerba

332 2994 485 3075 corrupta
507 3002 573 3057 esse
594 2991 657 3055 iam
679 2987 798 3054 dudum
821 2989 978 3072 cognitum
1000 2993 1057 3066 est,
1079 2984 1332 3061 ullaost'causa
1351 3017 1407 3063 cur
1466 3063 1474 3078 ,

332 3098 529 3181 suspicemur
552 3134 593 3145 -—
627 3097 780 3181 receperit
800 3096 996 3174 Plutarchus,
1024 3102 1115 3181 patet
1142 3117 1164 3161 e
1188 3097 1279 3165 Liuio
1307 3100 1406 3168 solam

332 3204 425 3271 illam
451 3204 637 3269 sententiam
663 3186 795 3287 petitam
822 3222 898 3279 esse,
928 3222 1091 3270 caesorum
1117 3209 1222 3269 autem
1243 3226 1406 3275 numerum

333 3333 402 3377 non
431 3311 534 3377 minus
566 3314 662 3394 quam
693 3316 829 3376 ceteram
855 3309 902 3374 rei
923 3314 1030 3393 gestae
1051 3310 1261 3379 narrationem
1283 3334 1323 3379 eu
1344 3316 1407 3382 alio

331 3417 424 3483 fonte
445 3420 572 3500 sumpta
594 3436 671 3481 esse.
726 3436 764 3481 ac
796 3414 879 3480 Liuii
906 3415 1003 3484 uerba
1025 3436 1065 3480 ne
1086 3416 1258 3499 inspexisse
1280 3420 1407 3503 quidem

333 3541 410 3591 cum
430 3525 533 3590 locum
560 3524 649 3589 illum
670 3524 794 3607 scripsit
817 3521 873 3589 sed
895 3544 935 3588 ex
955 3524 1103 3596 memoria
1124 3524 1297 3593 reddidisse
1318 3527 1406 3594 uide-

332 3636 390 3696 tur
411 3629 607 3707 Plutarchus,
630 3630 706 3714 quia
719 3650 831 3712 parum
846 3633 991 3693 accurate
1007 3629 1073 3694 eius
1095 3630 1283 3697 sententiam
1303 3637 1406 3699 traus-

332 3736 420 3813 tulit,
442 3736 509 3801 alia·
527 3734 658 3815 addidit,
675 3736 737 3801 alie
758 3736 895 3802 inuertit.
918 3736 1041 3801 etiamsi
1056 3741 1198 3802 extrema
1212 3736 1295 3803 Liuii
1309 3740 1407 3807 uerba

332 3863 401 3909 non
420 3842 487 3909 iam
507 3842 629 3926 integra
650 3848 733 3920 sunt,
755 3847 863 3910 tamen
885 3862 981 3925 quam
1002 3844 1189 3913 sententiam
1210 3846 1407 3928 proposuerit

332 3947 444 4017 Liuius
466 3969 530 4016 uon
550 3954 655 4032 potest
669 3947 798 4014 dubium
813 3968 889 4013 esse.
934 3954 1007 4013 erat-
1022 3947 1088 4019 fere
1108 3950 1195 4014 talis:
1218 3971 1301 4026 „non
1323 3952 1407 4019 runci

332 4055 419 4121 euim
434 4053 475 4121 ab
491 4053 669 4119 Hannibale
678 4052 819 4143 uince[re
836 4052 1044 4143 disoelntibus
1061 4054 1217 4121 difficilius
1232 4056 1292 4121 fuit
1308 4079 1404 4141 quam

331 4165 445 4246 postea
468 4160 630 4239 uincere,“
658 4162 739 4225 sicut
766 4160 958 4243 Madwigius,
986 4160 1105 4228 emend.
1132 4161 1201 4226 Liu.
1230 4183 1301 4247 pag.
1331 4165 1407 4242 262,

332 4286 385 4333 au.
401 4267 422 4330 2
436 4266 610 4350 proposuit.
632 4265 684 4335 ab·
703 4286 768 4349 qua
787 4265 957 4348 plurimum
978 4264 1096 4331 distare
1118 4286 1200 4349 quae
1220 4266 1407 4334 Plutarchus

331 4370 465 4439 exhibet
483 4371 683 4439 manifestum
705 4376 760 4437 est.
789 4410 833 4419 -
855 4390 956 4453 neque
983 4372 1083 4455 magis
1103 4371 1267 4456 Polybium
1288 4373 1407 4441 fontem
1470 4358 1474 4363 ¹

329 4476 496 4545 Plutarchi
522 4476 628 4557 fuisse,
656 4496 846 4563 quamquam
874 4477 977 4561 ipsum
998 4476 1038 4543 de
1059 4478 1108 4542 his
1130 4477 1224 4542 rebus
1247 4481 1406 4550 consulere

331 4584 424 4653 nobis
454 4604 518 4649 non
547 4583 630 4663 licet,
652 4584 738 4656 haud
760 4581 854 4648 dubie
877 4582 1033 4666 colligitur
1054 4603 1093 4649 ex
1115 4603 1153 4649 eo
1176 4584 1260 4667 quod
1281 4586 1405 4649 Plutar-

332 4690 411 4760 chus
441 4689 557 4755 iustam
585 4689 671 4775 apud
699 4688 812 4758 Nolam
834 4688 999 4759 hetonam
1019 4688 1202 4757 Marcellum
1224 4690 1263 4753 de
1285 4691 1405 4758 Hauni-

1164 4797 1194 4849 3.
1372 4809 1376 4814 .
