3417 5567
755 646 974 713 ..34-

327 861 510 929 Clastidium
538 856 642 924 deleta
669 878 737 923 csse
766 858 894 924 Orosius
921 858 1032 938 refert,
1067 860 1234 927 Plutarcho
1269 868 1398 932 auctore

325 975 432 1036 autem
458 964 488 1032 X
516 972 641 1031 tantum
662 965 807 1031 miliaco
829 965 972 1050 profecta
993 972 1076 1044 sunt,
1098 987 1163 1033 nnn
1183 974 1250 1033 tam
1271 970 1397 1036 Plutar-

325 1079 418 1144 chum
439 1095 559 1141 errasse
581 1068 795 1157 putauerimus
818 1092 913 1156 quam
936 1072 1080 1139 Orosium
1102 1092 1264 1143 caesormn
1286 1098 1396 1142 nume.

324 1207 394 1251 rum
408 1204 479 1249 cum
489 1188 557 1247 tcto
573 1179 779 1245 Gaesatorum
793 1198 923 1245 numero
938 1179 1121 1245 confudisse.
1143 1201 1218 1246 nam
1237 1187 1317 1249 XXX
1335 1184 1396 1250 mi-

325 1291 368 1356 lia
379 1311 431 1355 eos
443 1288 537 1353 fuisse
548 1308 613 1353 non
623 1286 718 1352 modo
730 1285 917 1352 Plutarchus
926 1286 982 1351 sed
994 1288 1092 1352 etiam
1103 1287 1249 1373 Polybius
1268 1290 1322 1376 (Il,
1336 1291 1399 1376 34)

323 1398 461 1463 tradunt.
482 1414 563 1479 quae
592 1399 751 1478 utcunque
778 1414 846 1459 sesa
860 1392 979 1459 habent
993 1408 1057 1460 uon
1074 1400 1147 1462 sunt
1162 1394 1395 1479 impedimento,

324 1504 487 1587 quominus
501 1522 560 1585 pro
568 1507 653 1566 certo
668 1505 825 1566 statuatur
839 1499 999 1566 Plutarchi
1012 1500 1088 1567 belli
1101 1503 1312 1569 narrationem
1325 1522 1395 1569 esse

324 1609 455 1675 eandem
476 1628 572 1691 quam
594 1627 611 1670 e
633 1605 731 1672 Fabio
754 1606 878 1671 Pictore
892 1622 1035 1672 manasse
1050 1607 1260 1691 cognocimus.
1299 1630 1395 1692 quam

315 1700 428 1780 ¹utrum
449 1734 490 1778 ex
515 1713 615 1797 ipsius
636 1711 726 1777 Fabii
754 1712 919 1777 annalibus
942 1732 983 1777 an
1005 1733 1022 1778 e
1045 1712 1136 1779 Liuio
1158 1713 1297 1778 hauserit
1319 1715 1394 1780 Plu-

323 1822 449 1888 tarchus
472 1840 511 1885 ex
533 1818 593 1883 hac
615 1818 847 1901 comparatione
863 1812 930 1883 erui
952 1840 1016 1884 non
1032 1824 1146 1903 potest.
1190 1820 1247 1887 sed
1268 1840 1339 1888 cum
1359 1822 1394 1886 in

322 1930 391 1995 uita
405 1925 496 1992 Fabii
512 1926 641 1990 Maximi
658 1925 813 1989 Pictorem
823 1930 983 1989 auctorem
1005 1926 1207 2010 praecipuum
1228 1926 1323 1992 fuisse
1344 1928 1393 1992 ui·

322 2036 472 2110 dommus,
504 2033 538 2097 in
566 2036 673 2096 nostra
699 2036 806 2095 autem
832 2032 900 2095 uita
922 2031 1047 2097 Liuium
1067 2032 1263 2115 potissimum
1284 2038 1393 2099 aucto-

322 2162 388 2208 rem
416 2139 526 2205 haberi
553 2158 617 2202 non
639 2158 731 2221 posse
752 2159 826 2202 mox
847 2138 1091 2203 demonstraturi
1114 2138 1220 2216 simae,
1242 2139 1393 2207 hocloco

322 2251 424 2333 ipsium
451 2246 583 2310 Fabium
612 2244 768 2309 Pictorem
796 2248 871 2308 ante
894 2244 998 2309 oculos
1020 2243 1168 2310 habuisse
1190 2245 1392 2311 Plutarchum

321 2354 411 2419 nobis
438 2372 621 2436 persuasum
652 2356 708 2415 est.
738 2387 781 2397 -
804 2349 906 2414 eidem
928 2355 1034 2415 autem
1054 2350 1134 2415 fonti
1155 2352 1299 2436 exempla
1319 2352 1392 2418 reli-

321 2462 420 2545 gionis
444 2460 534 2523 anxie
557 2480 577 2522 a
598 2457 746 2521 Romanis
768 2456 954 2523 obseruatae
969 2460 1052 2545 (cap.
1076 2458 1119 2542 V)
1141 2480 1205 2523 non
1225 2458 1393 2530 tribuenda

321 2588 389 2633 esse
422 2572 518 2649 atque
551 2584 590 2630 ex
618 2562 686 2629 aliis
713 2562 853 2630 fontibus
881 2585 935 2641 ea,
970 2584 1051 2649 quae
1078 2564 1119 2633 de
1146 2566 1253 2649 spoliis
1281 2566 1391 2651 opimis

320 2674 388 2739 Ioui
409 2671 550 2738 Feretrio
572 2670 723 2735 dedicatis
745 2670 929 2757 (capllIII)
950 2670 1024 2735 fusa
1041 2670 1244 2749 disseramus,
1267 2678 1392 2757 sumpta

320 2801 387 2846 esse
408 2778 499 2845 facile
520 2775 718 2859 intellegitur.
1164 2859 1167 2874 ,
1313 2828 1316 2833 ,

425 2885 463 2950 In
491 2881 641 2966 proximis
669 2879 823 2965 capitibus
845 2887 1014 2947 namantur
1033 2882 1157 2965 proelia'
1174 2882 1258 2947 circa
1278 2882 1392 2949 Nolam

257 3042 267 3059 .
319 2991 427 3058 urbem
456 3011 476 3054 a
503 2987 651 3085 Marcello
679 2992 788 3053 contra
815 2982 1025 3053 Hannibalem
1047 2989 1219 3054 commissa.
1264 3008 1390 3073 compa·

231 3082 232 3085 ¹
316 3099 382 3164 rari
403 3096 553 3162 hocloco
575 3099 681 3179 potest
702 3095 785 3161 solus
806 3094 914 3160 Liuius
939 3094 1056 3174 XXIII,
1080 3094 1227 3172 15-163
1249 3096 1388 3163 42-46.

318 3205 443 3270 Liuium
473 3206 588 3278 autem,
635 3220 826 3285 quamquam
864 3201 1081 3269 similitudines
1121 3200 1273 3287 quasdam
1308 3203 1391 3267 inter

319 3331 390 3374 eum
422 3313 455 3373 et
486 3306 689 3373 Plutarchum
719 3306 912 3373 intercedere
941 3328 1054 3392 negare
1083 3309 1242 3386 nolumus,
1269 3308 1390 3374 fontem

318 3414 479 3481 Plutarchi
500 3433 564 3478 non
584 3413 680 3478 fuisso
702 3414 772 3479 luce
798 3418 846 3479 est
879 3414 1002 3479 clarius.
1058 3436 1132 3479 nam
1161 3420 1199 3479 ut
1230 3435 1248 3479 e
1281 3414 1389 3481 multis

318 3543 399 3608 quae
427 3520 605 3603 discrepant
633 3519 716 3584 inter
748 3540 801 3585 eos
829 3540 931 3603 pauca
958 3519 1133 3598 afferamus,
1159 3538 1227 3605 cap.
1250 3521 1281 3586 X
1302 3538 1390 3587 come

318 3628 497 3713 alloquium,
521 3648 583 3709 quo
604 3626 769 3695 Marcellus
798 3626 947 3693 Bantium
974 3611 1150 3693 Poenorum
1177 3627 1320 3716 partibus
1340 3627 1388 3694 fa·

316 3740 442 3800 nentem
474 3731 533 3799 sibi
559 3732 747 3808 conciliauit,
781 3732 873 3797 aliter
892 3732 984 3798 finxit
1007 3734 1192 3799 Plutarchus
1215 3738 1312 3817 atque
1334 3733 1387 3802 Li·

316 3844 386 3908 uius
414 3855 480 3925 cap.
511 3837 552 3903 15
560 3864 568 3915 ;
595 3858 662 3923 cap.
692 3839 747 3915 XI,
778 3839 908 3904 10-18
936 3859 976 3905 ex
1004 3841 1208 3924 emptionea
1237 3840 1387 3906 Marcello

316 3948 399 4017 facta
421 3945 607 4029 perspicitur
629 3945 723 4010 aham
745 3945 839 4011 iuuisse
862 3946 1022 4030 copiarum
1044 3947 1281 4012 collocationem
1303 3946 1388 4031 apud

316 4052 519 4119 Plutarchum
534 4071 628 4133 quam
644 4050 728 4139 apud
748 4050 874 4117 Liuium
889 4053 931 4116 16
947 4058 976 4135 5.
993 4052 1030 4129 83
1042 4074 1120 4136 cap.
1143 4052 1220 4130 XII,
1256 4053 1386 4117 10-12

302 4157 502 4226 ¹Plutarchus
536 4158 716 4224 Marcellum
749 4164 955 4241 prouocatam
983 4158 1024 4224 ab
1051 4158 1229 4225 Hannibale
1250 4180 1387 4243 pugnam

316 4266 504 4332 detrectasse
536 4264 699 4347 significat,
734 4286 805 4329 cum
840 4265 948 4330 Liuius
976 4265 1021 4330 44
1043 4271 1072 4349 ξ.
1095 4265 1183 4332 3-5
1205 4266 1387 4336 Marcellum

316 4372 478 4457 eruptione
505 4371 590 4435 faeta
618 4372 765 4460 atrociter
793 4392 864 4436 cum
886 4364 1064 4436 Hannibale
1084 4391 1239 4455 pugnasse
1261 4379 1385 4448 narrat3

316 4500 382 4562 cap.
410 4476 487 4554 XII,
512 4477 554 4541 14
575 4476 760 4543 Plutarchus
783 4476 868 4543 solus
891 4483 1044 4543 memorat
1065 4478 1248 4543 Marcellum
1270 4479 1386 4545 Roma-

314 4606 426 4649 norum
448 4582 569 4666 pedites
591 4584 768 4667 praelongis
791 4584 946 4649 sociorum
968 4584 1128 4651 naualium
1148 4584 1248 4652 hastis
1270 4586 1385 4652 insum

315 4691 405 4753 aisse.
458 4688 513 4753 sed
546 4690 637 4771 longe
667 4690 790 4754 maioris
826 4688 875 4753 his
908 4690 1123 4773 discrepantiis
1155 4692 1305 4755 momenti
1337 4696 1386 4755 est
