3417 5567
754 660 975 722 „9-

325 891 431 956 neque
462 870 545 936 seles
565 871 681 936 instrui
700 890 804 954 nsque
825 890 914 935 erma
936 870 1076 956 expediri
1097 880 1225 955 possent
1250 890 1331 937 esse*
1344 890 1404 956 ep·

327 997 469 1062 presses3
490 976 605 1042 multos
626 976 714 1041 nulla
736 977 846 1042 salutis
868 996 923 1061 spe
944 978 1061 1043 relicua
1082 977 1116 1041 in
1137 977 1241 1043 laeum
1263 998 1330 1043 sese
1344 977 1419 1044 im-'

327 1088 503 1167 mergentes
524 1082 698 1166 gurgitibus
716 1082 854 1147 'haustus
876 1102 959 1159 esse;
988 1103 1044 1148 sex
1070 1082 1158 1149 milia
1185 1084 1278 1168 primi
1306 1085 1403 1169 agmi-

328 1194 387 1271 nis,
422 1192 476 1276 qui
507 1190 632 1257 fortiter
662 1190 826 1274 eruptione
857 1190 942 1255 faeta
969 1190 1094 1255 essltu
1116 1190 1298 1268 euasissent,
1330 1195 1405 1273 post

328 1318 467 1382 pugnum
493 1295 670 1362 Meherbeli
698 1317 738 1361 ea
755 1295 939 1362 eondieions
977 1301 1014 1361 ut
1046 1297 1141 1361 armis
1169 1295 1295 1361 truditis
1333 1317 1405 1361 eum
1538 1300 1543 1311 '

327 1403 458 1487 singulis
473 1403 667 1469 uestimentis
682 1402 806 1468 abirent
827 1422 897 1467 sese
917 1402 1050 1480 dedisse,
1073 1400 1115 1469 ab
1137 1402 1315 1485 Hannibale
1329 1422 1404 1468 uere

324 1509 390 1575 ilde
419 1514 516 1593 rupta
546 1509 581 1573 in
615 1508 742 1601 uincula
769 1508 923 1573 coniectos
950 1528 1036 1585 esse;
1073 1512 1183 1593 coptos
1211 1508 1311 1574 socios
1339 1508 1405 1574 sine

328 1616 430 1702 pretio
451 1616 596 1681 dimissos
618 1615 702 1680 ciues
722 1614 880 1680 Romanos
908 1616 942 1679 in
963 1614 1097 1679 uinculis
1118 1620 1257 1681 retentes
1279 1634 1363 1693 esse;
1385 1636 1405 1680 e

329 1727 477 1807 prestere
509 1721 667 1803 ingentem
707 1725 870 1805 oeeeptern
896 1740 965 1785 esse
988 1720 1109 1785 eisdem
1129 1720 1247 1787 Romae
1267 1742 1405 1806 pronun-

328 1827 446 1892 tiatum
478 1846 546 1891 esse
569 1825 609 1891 ab
632 1831 766 1909 utroque
792 1826 840 1890 ita
861 1830 1045 1903 numentum„
1061 1830 1098 1891 ut
1119 1826 1287 1893 uerborum
1319 1826 1405 1893 simi-

329 1932 431 1998 litude
454 1931 609 2016 quaedem
637 1931 797 1997 ebseruafl
817 1932 918 2015 possit
952 1952 990 1996 se
1011 1930 1120 1997 Liuius
1144 1931 1266 1998 Grseos
1285 1931 1406 2018 Polybii

328 2040 429 2106 uerbo
449 2044 518 2105 tum
539 2039 652 2104 Latino
675 2059 816 2104 sermone
837 2037 1012 2103 reddidisse
1033 2044 1102 2103 tum
1122 2039 1240 2103 meiere
1261 2038 1406 2104 ubertate

328 2145 510 2211 distinxisse
533 2144 687 2210 uideatur.
732 2144 788 2210 ssd
809 2144 964 2211 accedunt
984 2166 1048 2209 non
1070 2166 1182 2234 peuce,
1207 2166 1287 2229 quae
1308 2150 1364 2211 eut
1386 2166 1406 2210 s

329 2251 460 2337 Polybio
481 2258 539 2317 eut
557 2273 581 2316 a
602 2251 692 2317 Liuio
715 2252 782 2317 solo
804 2257 933 2317 narrata
955 2257 1037 2317 suut
1080 2272 1154 2317 num
1175 2272 1286 2316 uerum
1306 2252 1404 2336 impe-

327 2364 468 2424 ratorem
502 2378 565 2442 quo
578 2356 704 2440 ingenio
726 2356 768 2421 sit
781 2356 980 2422 aduersarius
1012 2356 1163 2441 indagare
1184 2356 1317 2423 eteritis
1339 2357 1406 2423 eius

329 2465 364 2530 in
396 2486 489 2530 suum
520 2484 613 2529 usum
644 2467 827 2528 conuertere
861 2461 985 2542 debere,
1014 2484 1095 2547 quse
1122 2463 1302 2547 explanatio
1330 2483 1406 2530 sane

330 2571 457 2655 propria
479 2575 530 2635 est
550 2567 672 2654 Polybii
693 2571 775 2655 (esp.
799 2568 868 2654 81),
889 2568 998 2634 Liuius
1019 2589 1059 2634 ns
1083 2569 1179 2635 uerbo
1201 2570 1328 2654 quidem
1340 2590 1407 2639 me-
1488 2612 1498 2631 .

331 2681 443 2743 moret
488 2680 597 2741 oenus
617 2674 703 2740 selus
724 2674 832 2739 Liuius
866 2674 995 2759 exponit
1022 2696 1085 2740 non
1106 2675 1208 2741 minus
1229 2682 1312 2743 tetra
1331 2699 1405 2763 pro-

329 2782 416 2865 digia
447 2802 542 2865 quem
575 2780 680 2845 omine
720 2777 875 2863 quaedum
906 2802 927 2845 e
960 2780 1114 2846 Flaminio
1141 2782 1283 2867 neglecte
1321 2798 1404 2862 esse;

331 2895 453 2955 metum
480 2894 600 2965 terrae,
629 2909 692 2971 que
720 2888 838 2953 multae
867 2888 978 2953 Italiae
1008 2888 1101 2954 urbes
1128 2894 1304 2973 prostratae
1333 2891 1405 2969 sint,

331 2996 459 3061 intentis
490 2996 525 3059 in
557 3015 695 3077 pugnem
728 2994 839 3059 animis
878 3000 1023 3059 neutrum
1063 2996 1232 3061 exereitum
1258 2996 1406 3075 sensisse3

331 3109 396 3168 tres
417 3102 482 3167 fere
503 3101 597 3165 horse
618 3105 792 3184 pugnatum
801 3099 834 3184 ²⁸)
849 3120 934 3177 esse;
957 3122 1073 3185 magne
1095 3123 1166 3167 cum
1188 3122 1264 3166 eura
1284 3102 1405 3167 Hanni-

332 3208 437 3274 bulem
454 3228 566 3291 eorpus
588 3206 734 3271 Flaminii
755 3206 955 3290 qusesiuisse.
985 3228 1005 3271 a
1026 3205 1122 3272 Celtis
1143 3208 1330 3273 Flaminium
1351 3230 1407 3275 ne·

327 3320 438 3381 estrrm
469 3335 537 3381 esse
567 3312 714 3397 Polybius
747 3312 942 3396 significauit,
976 3314 1085 3380 Liuius
1119 3313 1244 3398 copiose
1281 3320 1407 3381 enarret

332 3420 459 3485 nomine
480 3418 626 3517 Jnsubris
657 3419 782 3503 equitis·
804 3419 858 3505 qui
880 3420 1038 3485 consulem
1071 3421 1182 3485 lancee
1213 3420 1404 3486 transfixerit

330 3525 464 3591 adiecto.
510 3546 609 3612 neque
629 3545 745 3590 nomen
765 3525 930 3608 praetoris,
958 3546 1015 3609 per
1037 3546 1130 3613 quem
1151 3526 1313 3592 eslarmtas
1331 3548 1426 3612 pro-¹

263 3642 274 3652 '
332 3632 496 3699 nuntiatum
517 3631 645 3708 Romae,
670 3630 755 3695 solus
784 3630 893 3695 Liuius
915 3630 1014 3696 offert
1059 3632 1147 3697 uides
1180 3652 1307 3697 neeesse
1328 3653 1406 3712 esse,

331 3742 371 3803 ut
390 3737 503 3803 saltem
528 3736 662 3801 alterum
688 3741 848 3802 auctorem
874 3736 1066 3801 eonsuuisse
1093 3738 1218 3802 Liuium
1244 3744 1351 3823 putes,
1381 3738 1408 3804 si

331 3843 497 3927 Polybium
523 3842 726 3926 praecipuum
753 3846 914 3907 auctorem
934 3840 1039 3907 hebes.
1090 3844 1155 3909 ism
1182 3864 1258 3909 uero
1298 3850 1408 3910 extant

330 3948 420 4033 apud
440 3948 566 4013 linium
596 3968 677 4034 quse
699 3947 785 4011 nulle
807 3946 902 4045 modo
923 3948 1045 4031 possint
1067 3948 1225 4015 eoncilisri
1252 3952 1406 4032 oum'Po-

441 4286 465 4348 ‘i
483 4287 579 4337 Eadem
609 4300 674 4351 quse
694 4286 782 4337 Liuius
804 4286 887 4337 attulit
913 4288 994 4337 omino
1020 4284 1140 4339 sGeelio
1158 4286 1289 4354 Antipatro
1308 4293 1407 4343 usuam

333 4389 389 4426 esse
413 4387 469 4425 cum
487 4388 503 4424 e
520 4372 641 4427 Cicerone
664 4374 708 4441 (de
725 4374 777 4427 diu.
796 4373 819 4434 1,
836 4375 884 4436 353
908 4374 940 4427 de
963 4379 1012 4427 nst.
1036 4374 1103 4428 deor.
1126 4374 1161 4435 Π,
1184 4377 1209 4436 3,
1233 4376 1261 4438 8)
1281 4382 1407 4444 apparent

332 4463 508 4515 Leohmsnuus
525 4467 550 4514 et
567 4464 672 4515 Peterus
690 4468 839 4516 censuerunt
868 4481 881 4515 e
910 4462 994 4517 Caelio
1012 4464 1110 4515 Liuium
1127 4462 1171 4516 ille
1189 4464 1311 4517 adiecisse
1328 4464 1407 4533 Poly-

333 4552 425 4604 bieuse
453 4553 609 4603 enarrationi.
646 4551 691 4603 sed
712 4554 872 4618 perspicuum
894 4557 931 4603 est
953 4552 1016 4603 nihil
1040 4552 1146 4622 obstare,
1174 4555 1303 4619 quominus
1322 4552 1408 4604 eedem

331 4644 383 4692 iam
404 4640 437 4692 ab
455 4638 511 4691 eliis
522 4638 648 4691 annalium
667 4640 826 4706 scriptoribus
840 4640 951 4693 Caelium
964 4641 1089 4706 accepisse
1109 4644 1133 4691 et
1154 4639 1253 4692 Liuium
1271 4658 1303 4694 ex
1322 4640 1409 4693 iisdem

331 4731 447 4781 hausisse
466 4734 608 4780 statuemus.
