3417 5567
749 657 968 724 ..21-

316 863 405 933 illam
415 866 628 935 machinatum
639 891 708 936 esse
719 817 856 956 exponit.
869 870 1004 955 denique
1010 869 1110 936 saltus
1120 870 1265 937 custodes
1274 871 1396 957 ignibus

228 1034 234 1047 ,
317 978 492 1060 conspectis
521 998 583 1043 non
611 978 702 1062 quasi
723 979 874 1044 miraculo
897 978 1049 1044 attonitos
1072 999 1110 1043 ac
1130 998 1171 1043 ne
1193 978 1396 1045 drcumueni-

316 1088 426 1148 rsntur
451 1082 579 1161 neritos,
607 1083 663 1149 sed
683 1104 741 1167 per
762 1090 886 1150 montes
909 1104 1076 1149 euasurum
1098 1104 1166 1149 esse
1187 1082 1395 1150 Hannibalern

315 1193 403 1254 raes
429 1189 536 1255 aues
562 1164 736 1278 enque,
764 1195 802 1255 ut
829 1190 956 1256 onnam
984 1190 1014 1253 a
1046 1190 1137 1268 sent,
1160 1189 1395 1275 corybanta

315 1290 373 1358 dit
397 1331 439 1343 -
460 1295 495 1360 in
516 1295 607 1360 niun
621 1302 727 1361 autem
748 1297 928 1362 narratione
950 1293 1147 1362 hauddubie
1167 1272 1395 1379 plurinm'fon-

315 1399 397 1464 tium
426 1399 543 1467 indicia
573 1401 735 1489 mrdteque
769 1402 905 1468 obscura
936 1422 1005 1467 esse
1032 1422 1233 1486 adpugnare
1255 1401 1339 1468 inter
1361 1423 1396 1470 se

316 1512 402 1573 recte
433 1507 595 1573 contendit
628 1506 662 1574 G.
695 1508 826 1574 Petsms
857 1529 928 1593 pag.
963 1507 1103 1573 35-39.
1138 1508 1250 1592 quodsi
1278 1530 1395 1588 eorum,

316 1634 399 1698 quaa
420 1614 454 1679 in
475 1614 609 1679 Liuiana
628 1615 808 1679 narratione
829 1615 913 1681 inter
941 1634 975 1680 se
1002 1619 1146 1698 pugnant
1168 1620 1201 1681 et
1224 1636 1242 1680 e
1264 1613 1395 1682 diuersis

315 1719 455 1786 fontibus
482 1721 664 1787 intermixta
692 1741 760 1787 esse
787 1722 856 1787 ueri
883 1721 982 1787 simile
1010 1726 1069 1799 est,
1096 1718 1175 1786 nihil
1207 1722 1395 1789 Plutarchus

315 1826 454 1907 exhibet,
482 1849 564 1912 quae
591 1833 697 1894 eutem
725 1828 860 1894 obscura
875 1834 960 1893 sunt
986 1826 1071 1912 apud
1092 1827 1217 1893 Liuium
1239 1829 1265 1893 si
1292 1829 1394 1895 minus

315 1940 411 2012 recte,
434 1939 470 1999 at
491 1934 574 1999 claro
595 1936 746 2013 narrauit,
768 1935 832 2001 alia
852 1935 978 2002 uberius
998 1935 1156 2019 exposuit,
1179 1935 1242 2001 alia
1263 1935 1394 2015 addidit,

315 2032 449 2125 cogitari
462 2062 527 2106 non
541 2046 647 2124 potest
661 2061 700 2106 ea
715 2061 796 2125 quae
811 2062 882 2106 cum
903 2040 994 2106 Liuio
1017 2040 1179 2106 concinere
1200 2038 1335 2107 uidimus
1356 2062 1397 2107 ex

316 2142 354 2211 eo
381 2145 517 2211 fluxisse.
561 2168 725 2213 numerum
752 2149 835 2213 enim
864 2169 972 2213 eorum
1001 2149 1055 2232 qui
1077 2148 1194 2213 saltum
1222 2169 1397 2233 occupaue-

315 2258 398 2331 rant,
422 2252 461 2318 de
484 2275 547 2337 quo
569 2253 756 2319 Plutarchus
788 2276 861 2319 cum
882 2254 1012 2338 Polybio
1034 2254 1199 2330 consentit,
1223 2276 1286 2319 non
1306 2254 1395 2320 inue-

313 2360 364 2424 nis
378 2358 464 2443 apud
478 2359 615 2425 Liuium.
639 2357 769 2427 uberius
787 2359 937 2427 describit
950 2359 1136 2426 Plutarchus
1158 2364 1304 2426 natm-am
1324 2360 1395 2439 loci,

315 2487 379 2551 quo
400 2466 561 2532 Hannibal
584 2466 721 2533 inclusus
742 2466 838 2532 fuisse
860 2465 982 2532 dicitur.
1027 2467 1125 2531 saltus
1152 2466 1312 2545 custodes,
1342 2467 1396 2551 qui

314 2571 349 2637 in
370 2571 477 2655 fingam
495 2593 564 2638 sese
579 2578 810 2651 concertarent,
827 2595 891 2657 quo
906 2574 1041 2657 fingerint
1056 2593 1074 2638 e
1089 2572 1180 2639 Iduio
1202 2596 1271 2641 non
1283 2573 1394 2651 elucet,
1427 2638 1429 2647 ,

314 2677 487 2745 Plutarcho
509 2685 637 2746 auctore
658 2701 728 2745 sese
748 2681 904 2765 recipiunt
924 2681 959 2746 in
980 2685 1085 2746 castra
1105 2679 1205 2746 Fabii.
1240 2702 1303 2764 quc
1325 2680 1394 2761 loco

316 2783 434 2851 Fabius
450 2791 554 2854 castra
567 2786 741 2870 posuerite
756 2785 858 2864 Liuio,
876 2787 930 2870 qui
945 2787 1069 2871 saepius
1092 2808 1112 2851 a
1127 2806 1161 2851 se
1176 2785 1315 2865 dissidet,
1330 2808 1393 2853 non

314 2893 504 2977 perspicitur
536 2892 590 2980 (cf.
620 2892 663 2957 15
684 2898 714 2975 g.
737 2893 768 2970 3,
793 2894 850 2970 113
879 2893 929 2967 16
953 2898 982 2975 ς.
1004 2893 1037 2971 4,
1059 2891 1090 2970 5,
1114 2893 1152 2969 8;
1188 2892 1229 2957 17
1254 2898 1283 2975 ξ.
1306 2892 1328 2957 4
1361 2898 1394 2958 et

316 3018 400 3081 qnae
421 2999 587 3065 annotamt
608 2998 837 3064 Weissenborn.
860 3004 894 3063 et
915 2999 1017 3064 Peter.
1039 3018 1110 3082 pag.
1134 2998 1201 3083 38).
1247 2998 1303 3064 sed
1320 3020 1393 3064 eum

314 3110 425 3169 narrat
447 3104 490 3169 15
512 3111 541 3188 ξ.
566 3105 605 3169 11
630 3104 764 3169 Fabium
786 3104 985 3169 ementibus
1013 3104 1047 3169 in
1069 3105 1155 3169 uiam
1176 3108 1280 3169 castra
1301 3102 1393 3169 detu-

314 3209 389 3275 lisse
416 3214 536 3294 pugnat
564 3232 636 3276 cum
663 3210 844 3288 Plutarcho,
871 3210 926 3293 qui
952 3210 1149 3276 consentiens
1171 3230 1242 3275 cum
1262 3210 1393 3295 Polybio

315 3316 450 3382 Fabium
468 3317 504 3382 in
525 3318 653 3382 summis
667 3316 826 3383 montibus
840 3318 1012 3383 exercitum
1033 3317 1201 3383 collocasse
1223 3313 1308 3382 dicit.
1343 3317 1393 3382 in·
1472 3322 1475 3331 ’

315 3424 452 3489 uitatum
478 3434 546 3489 esse
573 3421 784 3488 Hannibalem
810 3443 831 3488 a
857 3421 1088 3507 Campanorum
1115 3421 1283 3507 equitibus,
1305 3422 1394 3489 cuius

314 3529 441 3595 fabulas
469 3550 540 3593 oum
566 3534 679 3613 postea
705 3528 794 3593 nulla
820 3528 977 3594 habeatur
1003 3528 1085 3593 ratio
1112 3549 1133 3593 a
1154 3527 1245 3607 Liuio
1268 3549 1308 3595 ex
1330 3529 1393 3595 alio

315 3622 403 3701 fonte
417 3656 488 3701 eam
504 3634 661 3701 adiectam
675 3656 744 3701 esse
766 3635 968 3720 suspicamur,
991 3656 1049 3701 nec
1070 3634 1217 3720 Polybius
1236 3656 1296 3701 nec
1317 3635 1393 3701 Plu-

315 3740 444 3806 tarchus
465 3747 626 3807 memorat.
671 3761 692 3806 a
717 3762 754 3807 se
771 3742 841 3825 ipso
865 3739 1018 3807 dissidens
1041 3740 1176 3825 denique
1202 3740 1310 3807 Liuius
1336 3761 1393 3806 ex-

314 3848 405 3931 ponit
426 3845 467 3911 de
489 3847 657 3913 certamine
679 3847 893 3913 Romanorum
915 3868 932 3912 e
954 3846 1118 3932 praesidio,
1137 3866 1331 3931 egressorum
1359 3854 1393 3913 ct
1460 3846 1464 3855 '

315 3952 502 4019 Hannibalis
530 3952 756 4037 erpoditomm,
784 3974 918 4037 quorum
946 3959 1042 4019 antea
1062 3953 1182 4018 nullam
1200 3954 1393 4019 mentionem

313 4059 432 4127 serait
477 4081 515 4125 ac
542 4081 614 4127 crun
640 4065 711 4128 tota
736 4082 842 4127 rerum
863 4060 1004 4127 condicio
1026 4060 1185 4143 conspiret
1205 4039 1277 4126 cuin
1297 4060 1391 4147 Poly-

313 4166 378 4244 bio,
405 4186 590 4250 persuasum
620 4167 712 4233 nobis
730 4172 779 4233 est
798 4167 862 4233 hoc
886 4167 957 4233 loco
977 4168 1080 4252 ipsum
1101 4165 1265 4253 Polybium
1286 4166 1392 4250 inspe-

314 4274 398 4339 xisse
425 4272 559 4339 Liuium
604 4294 678 4339 nam
705 4272 825 4339 fontem
846 4274 1029 4358 primarium
1049 4273 1146 4338 alium
1167 4271 1314 4339 habuisse
1335 4272 1391 4337 Li-

316 4380 405 4445 uium
428 4384 672 4461 consentaneum
693 4384 751 4457 est,
775 4380 851 4463 qnia
871 4380 991 4463 pariter
1004 4400 1041 4445 ac
1056 4377 1243 4444 Plutarchus
1259 4376 1391 4463 Polybio

314 4485 510 4551 mnemon.
553 4489 663 4550 contra
689 4484 876 4550 Plutarchus
902 4485 981 4551 nibil
1007 4485 1106 4551 tradit
1132 4483 1193 4549 nisi
1214 4484 1390 4568 insequenti

314 4591 366 4657 die
397 4589 534 4657 Fabium
564 4591 739 4657 insecutum
769 4589 981 4657 Hannibalem
1008 4610 1076 4656 esse
1103 4608 1288 4674 repressum
1332 4587 1390 4655 sod

314 4699 443 4783 longum
465 4703 515 4763 est
535 4697 640 4763 omnia
661 4717 743 4782 qnae
762 4697 943 4783 discepant
963 4718 1155 4764 enumerare.
1187 4696 1296 4779 itaque
1317 4712 1389 4761 cum
