3417 5567
745 658 963 726 ..39-

313 889 383 937 mos
406 893 427 937 a
448 872 581 957 pristina
603 873 781 938 sinceritate
802 893 842 938 ac
855 874 1025 940 seuentate
1046 878 1212 953 auerteret,
1234 876 1390 960 significat

313 979 424 1045 Liruus
449 984 535 1057 XXV,
563 979 619 1057 40,
649 980 774 1064 copiose
803 981 953 1064 explanat
979 981 1167 1048 Plutarchus
1192 984 1273 1049 xxi,
1320 986 1391 1050 tum'

314 1085 513 1151 consentiens
536 1106 607 1151 cum
628 1086 718 1152 Liuio
733 1089 848 1174 (xxvi,
866 1086 924 1173 21)
947 1087 1053 1172 prodit
1074 1088 1257 1155 Marcellum
1277 1090 1388 1156 trium·

313 1193 378 1278 pho
396 1192 429 1278 ³²)
458 1197 581 1276 negato,
611 1194 685 1281 quia
713 1193 852 1258 nondum
880 1192 1074 1260 debellatum
1101 1199 1184 1259 esset
1210 1194 1244 1259 in
1272 1193 1387 1275 Sicilia,

313 1300 349 1363 in
378 1302 486 1364 monte
519 1297 641 1364 Albano
691 1298 900 1383 triumphasse
934 1301 1028 1387 atque
1072 1305 1220 1368 ouantem
1255 1300 1289 1364 in
1321 1318 1387 1368 'sur-

315 1404 388 1470 bem
415 1405 550 1469 intrasse
573 1405 690 1491 (Xllll).
741 1425 821 1492 quae
844 1426 920 1471 uero
942 1404 982 1469 de
1003 1405 1154 1494 triumphi
1176 1410 1210 1470 et
1231 1406 1388 1472 ouationis

313 1511 493 1577 discrimine
524 1530 562 1575 ac
589 1508 773 1575 denomino
796 1510 950 1575 orationis
973 1510 1119 1576 assam
1140 1511 1326 1578 Plutarchus
1348 1532 1389 1577 ex

313 1638 409 1707 opere
438 1618 552 1705 aliquo,
580 1614 671 1703 quod'
692 1616 896 1703 antiquitates
915 1616 1086 1689 ,Romanas
1114 1618 1389 1706 complectebatur,

311 1725 416 1813 petita
437 1744 506 1788 esse
526 1723 727 1789 manifestum
750 1728 806 1789 est.
835 1728 1017 1788 ‘amusams
1039 1744 1116 1789 uero
1135 1724 1251 1789 nimiae
1273 1726 1389 1813 iniqui-

311 1830 390 1895 tatis
418 1821 457 1895 ac
483 1828 677 1894 crudelitatis
700 1850 720 1893 a
742 1827 853 1894 Siculis
876 1828 1043 1894 Marcellus
1065 1829 1135 1917 pari
1155 1829 1250 1896 modo
1272 1853 1388 1916 purga·

311 1942 368 2001 tur
388 1956 427 2000 ac
446 1932 594 2005 leudibus
617 1934 792 1999 celebratur
813 1933 867 2021 (cf.
883 1935 1074 2000 contrarium
1088 1934 1237 2002 iudicium
1250 1936 1388 2026 Appiani

311 2042 397 2109 Sicil.
420 2041 443 2105 4
470 2044 504 2105 et
531 2039 663 2105 Diodori
684 2040 794 2124 fragm.
816 2040 889 2105 libri
911 2041 1026 2126 XXVI).
1077 2062 1149 2108 eum
1170 2043 1254 2107 enim
1276 2063 1310 2108 se
1332 2043 1387 2108 ds-

295 2128 450 2216 ‘fendisse
471 2148 505 2213 in
526 2153 639 2213 senatu
661 2168 766 2213 coram
781 2146 1069 2226 calumniatoribus,
1090 2148 1269 2215 absolutum
1284 2155 1389 2215 autem

310 2256 440 2325 ueniam
459 2253 640 2343 petentibus
661 2254 816 2337 ignouisse
843 2258 941 2337 atque
968 2254 1130 2341 exquisitis
1155 2255 1326 2322 honoribus
1348 2255 1390 2322 ab

309 2365 352 2429 iis
374 2362 523 2431 affectum
549 2380 615 2424 esse
636 2363 769 2447 uterque
790 2365 899 2425 narrat
932 2359 1029 2446 (Plut
1058 2363 1165 2437 xxiia
1194 2361 1263 2426 hin.
1287 2364 1387 2441 XXVI,

310 2469 470 2554 29-32).
519 2466 561 2558 ‘de
594 2466 722 2549 singulis
756 2470 863 2531 autem
894 2465 940 2529 ita
970 2466 1053 2530 inter
1085 2487 1119 2530 se
1141 2466 1330 2551 discrepant,
1352 2472 1390 2532 ut

310 2577 422 2641 liuius
450 2572 610 2639 Plutarchi
637 2572 707 2638 fons
732 2571 843 2638 haberi
870 2592 936 2637 non
962 2573 1070 2659 possit
1114 2593 1217 2661 neque
1239 2594 1319 2661 opus
1340 2579 1389 2640 est

312 2702 422 2749 omncs
445 2679 670 2767 discrepantias
692 2698 773 2765 quae
795 2678 872 2743 satis
893 2678 1078 2762 conspicuae
1100 2679 1164 2745 siut
1185 2700 1377 2745 enumerare

432 2785 462 2852 A
495 2785 599 2873 capite
629 2788 852 2851 xxiv-*xxvi
882 2785 1011 2872 pmpius
1049 2784 1223 2851 Plutarchi·
1248 2788 1388 2852 narratio

314 2892 437 2961 aaut
466 2892 508 2956 ad
534 2891 668 2957 Liuium.
706 2912 794 2960 -nam
816 2890 855 2955 de
878 2891 1007 2974 ungulis
1028 2890 1122 2957 rebus
1144 2892 1231 2957 domi
1252 2892 1389 2981 bellique

270 2988 275 2995 ⁸
313 3000 395 3067 actis
421 3000 469 3063 ita
496 2998 703 3075 consentiunt,
736 3002 773 3064 ut
794 3000 882 3084 quae
896 2997 995 3062 fusius
1016 2997 1125 3063 hirtius
1147 3000 1291 3088 exposuit
1313 3000 1388 3064 Plu-

314 3107 444 3173 tarchus
466 3106 500 3171 in
527 3104 654 3170 breuius
683 3104 820 3187 coegisse
848 3103 993 3170 audeatur
1024 3104 1109 3190 (Liu.
1134 3109 1256 3184 xxvii,
1285 3108 1388 3183 1--2;

314 3214 421 3290 4——53
439 3210 593 3295 12-14).
616 3210 925 3298 praetereaineignia
938 3208 1094 3297 quaedam
1106 3197 1190 3276 dicta
1200 3210 1342 3277 Marcelli
1356 3219 1389 3277 et
1434 3244 1442 3272 s

313 3319 504 3387 Hannibalis
532 3316 616 3405 apud
643 3323 809 3405 utrumque
830 3318 877 3382 ita
898 3321 1080 3405 comparata
1102 3321 1185 3394 sunt,
1206 3322 1244 3382 ut
1263 3318 1388 3384 Plutar-

315 3428 395 3493 chus
419 3424 503 3490 Liuii
525 3424 623 3489 uerba
645 3425 777 3489 uertmse
799 3423 952 3489 cadmum
975 3423 1096 3488 aceedit
1116 3422 1202 3511 quod
1224 3425 1293 3512 ipse
1314 3426 1388 3491 Plu·

312 3533 443 3599 tarchus
472 3534 574 3609 xxiv,
602 3530 646 3595 20
674 3529 715 3595 ad
748 3530 874 3596 Liuium
891 3531 1084 3618 prouocauit.
1130 3530 1185 3595 sed
1206 3533 1389 3619 priusquam

313 3637 522 3704 diiudicemus
552 3636 634 3702 hane
656 3637 891 3723 quaestionem,
913 3637 1008 3724 paulo
1034 3638 1211 3702 accuratius
1232 3637 1389 3703 inlocum

314 3747 350 3812 in
381 3764 444 3833 quo
477 3742 560 3807 Liuii
603 3762 717 3807 nomen
753 3741 901 3807 laudatur
933 3764 953 3807 a
985 3740 1154 3807 Plutarcho
1185 3743 1387 3830 inquiramus.
1521 3750 1530 3764 '

313 3856 485 3939 postquam
518 3849 600 3913 euim
632 3848 773 3913 narrauit
805 3846 860 3915 On.
892 3847 1039 3915 Frrluium
1069 3848 1287 3935 proconsulem
1317 3872 1388 3914 cum

314 3957 455 4023 exercitu
485 3955 621 4021 deletum
648 3975 716 4024 ‚esse
737 3954 815 4019 haec
837 3953 928 4019 dicit:
952 3953 1102 4042 ἔπεμψεν
1124 3955 1319 4040 (Marcellus)
1342 3958 1387 4032 εἰς

313 4061 445 4153 Ῥώμην
466 4060 635 4149 γράμματα
656 4057 729 4139 τούς
751 4063 882 4137 πολίτας
904 4063 1096 4148 παρακαλῶν
1117 4058 1268 4149 tappete·
1293 4061 1388 4139 αὐτὸς

314 4168 374 4259 γὰρ
405 4166 467 4259 ἤδη
501 4171 643 4253 βαδίζειν
674 4164 716 4243 αῖς
749 4166 902 4253 ἀφέλοιτο
932 4164 992 4255 τήν
1022 4165 1126 4254 χαρὰν
1154 4171 1209 4235 τοῦ
1240 4168 1387 4254 Ἀννίβου.

313 4418 529 4433 -ι-ι--ηι-ῆ-ῑ

421 4544 445 4607 *)
464 4544 569 4594 Notatur
591 4540 754 4592 Plutarchum
776 4540 870 4592 referre
893 4541 991 4593 tertium
1013 4536 1161 4606 triumphum
1180 4540 1297 4605 petiuisse
1315 4540 1387 4589 Mar-
1484 4610 1492 4620 ι

314 4632 406 4685 cellum
433 4634 459 4683 in
488 4645 568 4698 eaque
587 4630 700 4696 opinione
719 4630 828 4695 perstare
851 4630 878 4679 in
901 4644 979 4696 comp.
998 4629 1084 4695 Pelop.
1105 4634 1129 4680 et
1145 4630 1226 4679 Marc.
1244 4627 1292 4687 ΙΙΙ,
1311 4625 1387 4677 altero

314 4722 438 4787 triumpho
456 4735 539 4786 neque
558 4720 661 4786 abipso
681 4734 762 4785 neque
781 4719 812 4770 ab
830 4718 882 4771 ullo
901 4723 1001 4771 auctore
1020 4723 1211 4771 commemorato.
