3417 5567
761 625 976 691 ..43-

332 836 454 921 Λίβιος
482 832 519 903 δὲ
547 837 599 903 καὶ
626 843 750 924 Καῖσαρ
773 835 793 905 ὁ
812 835 973 925 Σεβαστὸς
999 838 1197 927 κομισθῆναι
1212 833 1272 926 τήν
1293 833 1405 924 ὑδρίαν
1429 871 1434 880 “

332 939 414 1028 πρὸς
442 938 498 1008 τὸν
526 940 601 1011 υἱὸν
628 942 773 1034 εἰρήκασι
800 946 853 1012 καὶ
875 946 1015 1035 ταφῆναι
1035 944 1197 1029 λαμπρῶς.
1243 942 1404 1009 Cornelius

332 1046 438 1132 Nepos
466 1069 506 1113 ac
533 1048 649 1115 Caesar
669 1048 827 1134 Augustus
856 1071 933 1115 num
952 1050 1006 1115 ita
1031 1070 1099 1114 rem
1121 1048 1307 1115 tradiderint
1329 1070 1404 1115 con·

331 1153 420 1219 stitui
451 1175 516 1221 non
549 1160 662 1239 potest.
715 1177 906 1240 quamquam
940 1156 1036 1221 fuisse
1063 1176 1135 1220 eam
1160 1154 1287 1233 famam,
1316 1156 1403 1244 emus

330 1264 492 1327 auctorem
512 1261 654 1329 nominat
667 1262 854 1329 Plutarchus
870 1261 1048 1328 Cornelium
1069 1261 1233 1345 Nepotem,
1256 1261 1402 1327 discimus

330 1386 371 1431 ex
381 1366 508 1432 Aurelio
519 1367 655 1445 Victore,
667 1369 721 1452 qui
737 1368 791 1456 (de
802 1369 860 1433 uir.
872 1368 916 1433 ill.
928 1367 987 1452 45)
1005 1388 1098 1445 „ossa
1113 1367 1254 1433 Marcelli
1269 1368 1402 1441 Romam

330 1471 371 1538 ab
388 1472 567 1539 Hannibale
580 1475 711 1540 remissa
725 1496 745 1541 a
758 1473 968 1560 praedonibus
984 1475 1158 1559 intersepta
1171 1475 1320 1558 periisse“
1335 1495 1401 1540 me·

329 1584 442 1645 morat.
465 1579 545 1645 falsa
572 1600 648 1645 uero
677 1585 758 1658 sunt,
788 1602 870 1664 quae
892 1602 913 1646 a
934 1580 1060 1645 Valerio
1082 1579 1221 1644 Maximo
1246 1585 1282 1645 et
1309 1579 1401 1645 Liuio

328 1690 458 1751 narrata
480 1706 547 1749 esse
571 1684 733 1751 contendit
753 1686 949 1752 Plutarchus.
981 1708 1056 1752 nam
1086 1691 1218 1774 uterque
1239 1686 1317 1751 nihil
1340 1685 1401 1752 nisi

328 1790 512 1857 Marcellum
534 1792 690 1875 sepultum
712 1813 779 1857 esse
794 1792 835 1857 ab
856 1790 1034 1857 Hannibale
1056 1792 1201 1868 tradidit3
1223 1790 1293 1857 Val.
1315 1792 1399 1859 Max.

327 1896 366 1975 V,
391 1900 421 1975 1,
444 1902 507 1977 ext.
531 1898 567 1965 6:
609 1896 789 1987 „Hannibal
816 1898 859 1963 M.
886 1898 1070 1962 Marcellum
1096 1899 1130 1962 in
1160 1918 1237 1981 agro
1263 1898 1399 1978 Bruttio,

327 2002 403 2073 dum
424 2008 555 2070 conatus
569 2004 745 2070 Poenorum
767 2003 910 2089 cupidius
925 2025 1020 2088 quam
1043 2003 1268 2069 consideratius
1289 2026 1399 2089 specu·

324 2106 421 2188 latur,
448 2110 670 2194 interemptum
697 2110 835 2194 legitimo
863 2110 971 2176 fimare
1000 2111 1114 2175 extulit
1139 2111 1319 2195 Punicaque
1346 2134 1398 2178 sa-

326 2216 399 2300 gulo
414 2221 448 2283 et
462 2237 578 2281 corona
592 2216 744 2281 'donatum
758 2216 867 2282 laurea
880 2238 956 2301 rogo
970 2217 1154 2300 imposuit“;
1177 2216 1245 2282 Liu
1268 2217 1398 2297 XXVII,

326 2322 386 2387 28:
415 2322 481 2401 „ibi
508 2323 671 2389 inuentum
699 2344 811 2408 corpus
833 2324 974 2389 Marcelli
995 2324 1137 2407 sepelit.“
1180 2344 1281 2407 neque
1303 2324 1397 2390 Vale·

325 2430 390 2495 rius
420 2429 536 2495 ossium
564 2450 584 2494 a
616 2429 759 2521 Numidis
788 2430 987 2496 disiectorum
1014 2448 1116 2519 neque
1144 2429 1253 2494 Liuius
1282 2431 1397 2497 ossium

325 2536 458 2606 Romam
486 2535 662 2601 delatorum
689 2536 787 2601 ullam
813 2535 934 2601 faciunt
954 2536 1151 2600 mentionem.
1196 2557 1289 2620 quem
1311 2557 1397 2621 erro-

324 2663 392 2707 rem
418 2646 580 2726 utcunque
613 2648 717 2707 ortrun
744 2662 811 2707 esse
838 2642 1062 2719 existimamus,
1089 2641 1293 2709 Plutarchum
1320 2646 1396 2710 sori-

324 2748 451 2816 bentem
479 2748 534 2813 illa
566 2770 623 2814 nec
651 2748 896 2814 Valerium‘nec
922 2748 1048 2813 Liuium
1078 2748 1250 2831 inspexisse
1276 2755 1396 2817 certum

324 2856 399 2923 est.¹
427 2856 454 2921 si
475 2875 552 2920 uero
574 2876 614 2920 ne
636 2861 710 2920 ante
733 2856 839 2921 oculos
860 2855 988 2939 quidem
1008 2854 1120 2921 habuit
1140 2855 1265 2920 Limum
1286 2857 1320 2921 in
1341 2878 1395 2925 eo-

324 2983 386 3047 que
412 2960 570 3027 laudando
598 2967 664 3027 tam
692 2962 908 3045 neglegentem
930 2982 998 3026 sese
1020 2959 1175 3044 praebant,
1198 2982 1324 3028 necesse
1346 2970 1396 3030 est

323 3075 360 3135 ut
387 3090 436 3146 ea,
454 3088 545 3154 ¹quae
572 3073 640 3132 tam
667 3073 813 3134 accurate
841 3067 1010 3133 concinunt
1038 3085 1109 3132 cum
1136 3066 1237 3143 Liuio,
1264 3086 1305 3132 ex
1332 3069 1394 3135 alio

323 3182 450 3245 auctore
479 3195 541 3259 quo
571 3174 666 3238 etiam
694 3172 928 3257 diligentissime
949 3195 1024 3239 usus
1046 3179 1115 3239 erat
1136 3173 1245 3238 Liuius
1268 3180 1394 3241 mutua·

322 3288 391 3347 tum
422 3300 489 3347 esse
522 3278 725 3345 Plutarchum
757 3279 939 3345 iudicemus.
973 3318 1017 3329 —-
1049 3300 1130 3363 quae
1158 3284 1297 3344 extremo
1324 3280 1394 3348 loco

322 3386 508 3454 Plutarchus
516 3386 652 3469 ‘exponit
673 3385 712 3450 de
734 3386 846 3452 statuis
868 3385 1017 3451 Marcello
1038 3386 1148 3470 positis
1171 3406 1209 3451 ac
1226 3385 1266 3451 de
1287 3394 1394 3471 poste-

321 3496 365 3563 ris
381 3496 447 3560 eius
462 3498 518 3559 aut
528 3489 697 3558 Posidonio
708 3493 761 3577 qui
776 3491 925 3558 laudatur
936 3492 1031 3558 debet
1052 3498 1109 3557 aut
1130 3492 1170 3557 de
1192 3513 1249 3559 suo
1270 3493 1393 3561 adiecit.

427 3599 718 3672 Demonstrauimus
748 3599 842 3682 igitur
869 3598 1073 3664 Plutarchum
1098 3599 1133 3663 in
1160 3588 1238 3664 uita'
1254 3600 1394 3667 Marcelli

321 3705 485 3775 scribenda
511 3705 594 3770 Liuii
621 3704 783 3770 historiam
810 3725 874 3769 non
902 3709 976 3769 ante
1004 3703 1110 3771 oculos
1132 3703 1290 3783 habuisse,
1311 3706 1395 3773 lecta

321 3820 427 3879 autern
450 3832 488 3876 ea
510 3810 671 3895 quondam
692 3810 910 3876 memorabiles
932 3810 1084 3895 quasdam
1112 3812 1282 3878 sententias
1310 3812 1394 3879 Liuii

320 3918 471 3986 memoria
497 3916 671 3983 retinuisse.
699 3916 797 3982 nihilo
819 3918 923 3982 minus
945 3915 1102 4006 feretota
1127 3936 1237 3998 rerum·
1253 3901 1393 3985 narratio

269 4059 272 4068 ·
319 4024 480 4092 Plutarchi
501 4029 568 4089 tam
590 4023 697 4089 similis
720 4028 768 4089 cst
789 4023 898 4102 Liuio,
920 4028 957 4089 ut
978 4022 1088 4089 eodem
1120 4024 1206 4090 fonte
1226 4031 1394 4111 utrumque
1507 4022 1511 4048 ¹

319 4154 411 4199 usum
440 4152 507 4197 esse
535 4128 706 4195 existimari
739 4129 861 4196 debeat.
920 4134 1017 4214 atque
1052 4130 1147 4195 etiam
1172 4130 1333 4197 Plutarchi
1360 4138 1394 4199 et

319 4238 442 4324 Polybii
475 4236 671 4302 narrationes
703 4237 750 4303 ita
771 4241 971 4321 comparatae
1002 4220 1085 4315 sunt,
1116 4241 1153 4302 ut
1179 4242 1393 4323 utrumquee

318 4322 476 4414 communi
503 4344 590 4409 fonte
619 4343 758 4410 hausisse
785 4343 949 4428 probabile
978 4344 1028 4409 sit.
1078 4344 1186 4428 itaque
1214 4365 1285 4409 oum
1311 4325 1394 4424 inter

318 4459 383 4522 tres
406 4456 548 4518 auctores
570 4450 682 4517 eadem
710 4452 792 4518 ratio
820 4452 853 4517 in
875 4450 935 4517 hac
959 4452 1027 4517 uita
1047 4450 1222 4516 intercedat
1241 4456 1337 4536 atque
1358 4454 1392 4517 in

317 4560 386 4625 uita
406 4556 500 4623 Fabii
526 4558 657 4624 Maximi
685 4578 786 4642 neque
815 4556 956 4623 diuersos
976 4557 1080 4623 fontes
1102 4556 1136 4621 in
1157 4559 1321 4623 narrandis
1341 4580 1391 4623 re-

317 4666 376 4733 bus
406 4686 425 4730 a
455 4662 554 4729 Fabio
582 4664 720 4729 Maximo
749 4670 782 4729 et
809 4664 958 4730 Marcello
986 4664 1091 4747 gestis,
1121 4684 1203 4747 quae
1230 4668 1296 4729 tam
1314 4670 1392 4764 parte
