3417 5567
760 649 1105 718 ..ὥ-,ν

324 866 425 951 ipsius
457 865 617 933 Plutarchi
652 865 866 931 testimonium
902 863 977 949 (XI,
1013 862 1169 946 2247).
1213 882 1289 927 nam
1308 867 1395 945 pest·

326 992 423 1056 quarn
459 977 496 1037 ut
532 972 596 1039 iam
627 971 804 1039 mendcans
846 970 887 1035 de
924 968 1050 1039 aciebus
1087 968 1247 1035 manns
1283 990 1304 1033 a
1341 960 1396 1031 Li·

326 1080 379 1144 uio
423 1077 608 1145 dissentiens
652 1078 846 1162 emptionem
885 1098 905 1141 a
943 1075 1094 1143 Marcelle
1118 1076 1171 1142 in
1206 1076 1312 1143 hostes
1338 1061 1395 1140 ¹la-

326 1190 411 1251 ctam
448 1184 591 1252 narrauuit
621 1186 667 1249 ita
703 1184 820 1268 pergit:
871 1187 1032 1266 Λέγονται
1063 1179 1122 1268 γὰρ
1160 1178 1245 1266 ὑπὲρ
1282 1204 1394 1247 πεντα-

324 1292 501 1373 κισχιλίους
521 1289 711 1372 ἀποθανεῖν,
734 1285 975 1357 divertebant-ds*
996 1284 1163 1371 Ῥωμαίων
1184 1284 1224 1355 οὐ
1246 1287 1396 1371 πλείονας

324 1394 348 1488 ἢ
370 1400 606 1473 πεντακοσίους.
644 1391 683 1461 Ὁ
705 1393 742 1462 δὲ
764 1399 884 1481 Λίβιος
906 1391 989 1462 οὕτω
1011 1391 1072 1478 μέν
1094 1391 1134 1461 οὗ
1156 1394 1396 1477 διαβεβαιοῦται

323 1507 477 1587 γενέσθαι
498 1500 639 1591 μεγάλην
659 1489 755 1592 ἧτταν
776 1499 856 1569 οὐδὲ
868 1509 978 1568 mcciv
991 1501 1120 1583 νεκροῦς
1141 1497 1310 1577 τοσούτους
1334 1485 1396 1565 τοῖν

323 1611 499 1693 πολεμίων,
521 1610 611 1683 κλέος
634 1605 671 1673 δὲ
685 1611 767 1692 μέγα
780 1608 960 1694 Μαρκέλλῳ
982 1606 1035 1672 καὶ
1049 1601 1218 1690 Ῥωμαίοις
1242 1604 1278 1671 ἐκ
1291 1607 1396 1673 κακῶν

322 1712 448 1801 θάρσος
475 1708 541 1781 ἀπὸ
562 1712 617 1803 τῆς
644 1710 750 1801 μάχης
778 1707 899 1800 ἐκείνης
932 1708 1072 1797 ὕπαρξαι
1093 1709 1304 1795 θαυμαστὸν,
1332 1710 1395 1794 οὐχ

324 1818 369 1896 οἷς
392 1817 472 1908 πρὸς
494 1814 621 1904 ἄμαχον
643 1814 720 1885 οὐδὲ
739 1816 906 1908 ἀήττητον,
929 1816 1011 1885 ἀλλά
1031 1844 1061 1883 τι
1081 1818 1133 1885 καὶ
1156 1823 1279 1886 παθεῖν
1299 1816 1393 1887 δονά-

321 1950 422 2011 μενον
441 1926 715 2009 διαγωνιζομένοις
743 1926 910 2007 πολέμιον.
958 1924 1097 2007 respexit
1131 1930 1236 1991 antem
1268 1926 1394 1992 Plutar-

323 2034 402 2099 chus
431 2032 473 2097 ad
497 2031 567 2096 Liu.
593 2027 717 2107 XXIII,
745 2030 787 2094 16
810 2034 838 2112 ξ.
862 2028 1008 2095 15-16:
1031 2030 1106 2106 „uix
1128 2029 1273 2114 equidem
1295 2034 1395 2099 ausim

323 2140 481 2206 affirmare
508 2135 594 2222 qued
621 2136 749 2220 quidam
783 2141 925 2207 auctores
952 2139 1026 2199 sunt
1047 2134 1110 2201 duc
1132 2136 1219 2202 milia
1239 2143 1272 2203 et
1294 2140 1394 2205 octn-

322 2250 435 2330 gentos
467 2242 605 2309 hostium
636 2259 743 2313 caesos
773 2262 838 2306 nou
870 2240 941 2324 plus
973 2240 1149 2324 quingentis
1182 2242 1394 2313 Romanorum

322 2350 455 2419 arnissis.
495 2348 556 2415 sed
590 2349 656 2415 siue
688 2352 777 2413 tanta
805 2348 872 2413 siue
898 2347 1000 2413 mincr
1014 2348 1158 2413 uictoria
1184 2349 1255 2428 fuit
1284 2353 1393 2439 ingens

323 2481 362 2527 eo
391 2444 519 2523 dieras
547 2476 584 2521 ac
612 2456 716 2524 nescio
738 2476 779 2521 an
803 2454 940 2521 maxima
960 2454 1015 2520 illc
1037 2454 1120 2521 belle
1141 2461 1231 2537 gesta
1251 2458 1307 2523 sit:
1330 2482 1394 2527 uon

324 2565 410 2631 uinci
436 2564 519 2629 enim
547 2562 587 2647 ab
614 2562 791 2629 Hannibale
818 2561 1014 2627 nnoennbus
1041 2561 1196 2630 difficilius
1217 2564 1281 2632 fuit·
1298 2584 1393 2651 quam

322 2678 435 2758 postea
460 2671 617 2735 uincerc.“
667 2691 738 2745 cum
765 2670 861 2753 igitur
886 2690 927 2733 ue
945 2689 1116 2763 ⁸caesorum
1137 2668 1265 2754 quidem
1285 2695 1394 2740 nume·

322 2800 396 2845 rum
418 2778 473 2861 qui
492 2778 526 2841 in
549 2776 659 2863 eodem
680 2776 763 2844 Liuii
783 2775 852 2841 loce
863 2780 932 2840 erat
947 2794 1104 2858 -ssneque
1124 2796 1289 2845 numerum
1310 2782 1394 2865 apud

323 2885 450 2951 [irrium
474 2888 662 2967 corruptum
696 2902 779 2960 esse,
812 2889 1003 2965 quamquam
1034 2887 1174 2948 extrema
1205 2883 1266 2951 leci
1297 2888 1394 2955 uerba

323 2994 474 3073 conrupta
495 3002 561 3058 esse
582 2990 645 3055 iam
667 2987 785 3053 dudum
808 2988 966 3070 cognitum
987 2991 1045 3064 est,
1067 2981 1320 3059 ullaesecausa
1339 3014 1395 3060 cur
1453 3059 1461 3075 ,

322 3098 517 3181 suspicemur
539 3134 581 3143 -
614 3096 768 3179 receperit
788 3093 984 3170 Plutarchus,
1012 3098 1103 3177 patet
1130 3114 1152 3159 e
1175 3094 1266 3163 Iiuic
1294 3097 1394 3165 solam

322 3204 411 3271 illam
438 3202 625 3269 sententiam
651 3186 783 3285 petitam
810 3220 887 3277 esne,
915 3220 1079 3268 caesorum
1104 3206 1210 3267 autem
1230 3221 1394 3271 numerum

323 3332 388 3377 ncn
418 3310 522 3375 minus
553 3312 650 3393 quani
681 3313 817 3376 ceteram
843 3307 890 3373 rei
911 3312 1017 3391 gestae
1038 3308 1249 3374 narrationem
1271 3331 1311 3376 ex
1332 3313 1395 3379 alic

322 3417 411 3483 fonte
433 3420 560 3499 sumpta
581 3434 659 3480 esse.
714 3435 752 3481 ac
783 3413 867 3478 Liuii
893 3413 991 3482 uerba
1012 3434 1053 3479 ue
1073 3414 1245 3497 inspexisse
1268 3417 1394 3501 quidem
1472 3423 1474 3426 ’

324 3540 397 3591 cum
417 3523 522 3590 locum
548 3523 637 3588 illum
659 3522 782 3605 scripsit
805 3520 861 3587 sed
883 3542 923 3588 ex
943 3522 1092 3594 memoria
1112 3521 1285 3589 reddidisse
1306 3525 1394 3591 uidc-

323 3635 377 3695 tur
399 3628 595 3707 Plutarchus,
618 3628 694 3712 quia
707 3648 819 3711 parum
834 3632 980 3693 nemete
995 3628 1061 3693 eius
1083 3628 1271 3695 sententiam
1291 3635 1394 3697 tram·

323 3736 408 3813 tulit,
431 3735 497 3801 alia·
516 3734 646 3813 addidit,
663 3735 725 3801 alia
746 3734 883 3801 incertit.
906 3734 1029 3801 etiamsi
1044 3738 1186 3801 extrema
1200 3734 1283 3800 Liuii
1297 3736 1395 3804 uerba

323 3862 389 3909 non
409 3841 474 3907 iam
496 3841 617 3925 integra
638 3847 722 3919 sunt,
743 3846 851 3908 tamen
874 3860 970 3924 quam
990 3842 1177 3911 sententiam
1198 3844 1396 3926 preposuerit

323 3947 433 4017 unns
454 3968 519 4012 ncn
539 3952 643 4031 potest
657 3946 786 4013 dubium
800 3967 876 4013 esse.
922 3952 996 4011 erat·
1011 3946 1077 4017 fere
1096 3928 1183 4012 talis:
1207 3968 1290 4024 „non
1311 3950 1395 4015 uinci

323 4055 409 4121 enim
423 4052 464 4119 ab
480 4052 658 4119 Hannibale
666 4054 756 4119 nnec
764 4052 808 4141 [re
824 4050 1033 4141 discelntibus
1050 4045 1206 4119 difficilius
1221 4053 1281 4119 fruit
1297 4076 1392 4138 quam

322 4165 435 4247 postea
456 4160 618 4237 uincerer‘
647 4160 728 4225 sieut
754 4158 947 4242 Madwigiua
974 4158 1094 4225 emend.
1116 4159 1190 4227 ⁴Lin
1218 4180 1290 4244 pag.
1318 4162 1394 4239 262,

323 4286 375 4333 ac.
391 4266 411 4330 2
426 4265 600 4349 proposuit.
622 4264 755 4348 abque
776 4264 946 4348 plurimum
967 4263 1084 4330 distare
1107 4284 1188 4347 quae
1208 4264 1395 4332 Plutarchus

323 4370 455 4440 exhibet
472 4370 671 4437 manifestum
693 4376 749 4436 est.
777 4408 822 4419 --
843 4389 945 4453 neque
972 4371 1071 4453 magis
1093 4369 1256 4453 Polybium
1276 4370 1396 4440 fontem

321 4476 485 4551 Plutarchi
511 4476 616 4556 fuisse,
644 4495 835 4562 quamquam
862 4476 965 4559 ipsum
987 4474 1027 4541 de
1048 4475 1097 4541 his
1119 4475 1212 4540 rebus
1235 4478 1396 4548 consulere

322 4584 414 4653 nobis
444 4603 507 4649 nen
535 4582 618 4662 licet,
641 4582 726 4656 haud
749 4581 843 4648 dubie
865 4581 1021 4665 colligitur
1042 4602 1082 4648 ex
1104 4602 1142 4647 eo
1165 4581 1248 4664 quod
1270 4583 1395 4647 Plutar-

323 4690 401 4765 chus
431 4689 546 4757 iustam
574 4689 659 4775 apud
688 4688 801 4760 Nona
822 4687 988 4759 neriam
1008 4687 1190 4755 Marcellum
1213 4687 1252 4751 de
1274 4688 1394 4756 Hanni-

1154 4796 1183 4848 3·
1362 4806 1365 4812 ,
