3417 5567
739 658 956 725 „32..

314 870 558 935 demonstratum
586 868 708 934 sithoc
734 869 803 935 loco
826 870 944 954 optimo
966 870 1035 936 iure
1057 870 1216 950 conicitur,
1240 893 1380 958 praeser-

313 978 371 1041 tim
393 997 464 1040 oum
481 997 641 1059 nunquam
662 977 744 1041 inter
766 998 799 1042 se
822 977 1016 1056 dissentiant,
1040 977 1081 1043 ab
1103 978 1255 1064 Eutropio
1277 987 1382 1047 autem

313 1082 449 1168 pendere
482 1081 626 1148 Orosium
658 1085 711 1168 qui
744 1085 843 1150 multo
877 1085 976 1149 fusius
1009 1106 1059 1150 res
1090 1087 1269 1170 exposuerit
1299 1087 1382 1152 credi

314 1210 377 1255 non
404 1189 512 1274 possit.
563 1193 658 1273 atque
685 1210 748 1254 non
777 1190 878 1255 solum
900 1211 981 1274 quae
1005 1192 1146 1257 narrauit
1168 1191 1275 1257 Liuius
1298 1213 1381 1258 sum-

313 1297 423 1362 matim
455 1293 602 1373 referunt,
637 1294 692 1360 sed
726 1296 820 1360 ctiam
847 1296 931 1360 unde
959 1296 1099 1362 hauserit
1120 1319 1159 1363 ea
1180 1298 1294 1365 docent
1315 1321 1380 1365 nos.

315 1402 354 1468 de
376 1402 494 1487 ingenti
517 1401 598 1466 enim
625 1401 700 1467 belli
722 1407 878 1486 apparatu
899 1402 1084 1468 disserentes
1107 1402 1245 1468 adiciunt
1267 1405 1382 1470 Eutro-

313 1511 398 1596 pius:
427 1507 660 1590 „traditumque
687 1512 736 1572 est
757 1528 777 1571 a
799 1507 897 1572 Fabio
918 1508 1071 1573 historico¹
1090 1510 1143 1593 qui
1177 1511 1206 1575 ei
1229 1509 1311 1576 bello
1332 1512 1381 1576 in·

314 1606 461 1692 teriuit‚“=
475 1613 617 1679 Orosius:
641 1614 744 1691 „sicut
764 1614 884 1678 Fabius
900 1609 1067 1680 historicus
1088 1616 1144 1699 qni
1174 1616 1276 1681 eidem
1298 1617 1381 1682 bello

314 1720 456 1786 interluit
483 1720 753 1809 scripsit“1=non
771 1725 877 1785 sutem
895 1721 998 1805 ipsius
1018 1719 1109 1786 Fabii
1130 1719 1261 1788 Pictoris
1283 1744 1381 1790 anno-

313 1829 358 1894 les
386 1848 439 1893 cos
467 1822 649 1911 inspexisse}
676 1826 732 1891 sed
758 1844 873 1891 nomen
895 1828 961 1892 eius
982 1848 1000 1891 e
1022 1828 1114 1893 Liuio
1132 1831 1381 1916 haemmipsisso

307 1938 406 2000 'nemo
428 1953 491 1999 non
510 1934 674 2016 intellegit.
724 1934 788 1998 iarn
810 1953 887 1999 uero
908 1949 980 1998 cum
992 1933 1140 2000 Zonarae
1161 1934 1287 2003 uberior
1308 1922 1383 2003 belli

315 2040 482 2123 descriptio
500 2040 652 2110 concinat
676 2043 709 2103 et
748 2045 899 2122 congrunt
930 2059 1001 2104 oum
1022 2038 1174 2125 Eutropio
1190 2048 1234 2107 et
1261 2042 1381 2120 Onosis,

223 2181 228 2190 =
314 2147 370 2211 uix
391 2145 528 2211 dubitari
544 2140 650 2227 potest
667 2144 743 2228 quin
761 2145 841 2209 {item
863 2144 1081 2224 DioGassius,
1104 2167 1197 2230 quem
1220 2149 1383 2234 exscripsit

314 2256 462 2329 Zonaras,
484 2256 584 2334 etque·
601 2252 709 2317 Liuius
730 2247 1033 2336 FabiumPiotorcm
1048 2258 1207 2319 auctorem
1228 2254 1381 2321 habuerit.

315 2359 356 2424 ab
383 2358 443 2423 heo
468 2377 553 2422 nero·
571 2355 715 2423 ‘Fabiana
741 2358 920 2452 narratione
947 2369 1138 2446 quamquam
1163 2380 1258 2448 saepe
1284 2360 1385 2451 pluri7

314 2485 401 2531 mum
411 2466 513 2530 distet-
520 2465 675 2549 Polybius,
686 2462 719 2550 i³)
731 2470 847 2530 ›tamen
856 2464 993 2530 ¹Fabium
1007 2465 1166 2530 Pictorem
1184 2466 1237 2531 ab·
1248 2487 1285 2532 eo
1307 2487 1381 2532 oon-

315 2572 542 2637 sultuurssesso'
556 2572 717 2636 cumaliis
740 2592 821 2659 quae
843 2572 1024 2659 conspirant
1044 2590 1117 2636 cum
1140 2572 1251 2638 ceteris
1272 2579 1381 2639 aucto-

245 2764 250 2781 x
315 2678 400 2745 ribus
433 2677 587 2763 mm=(11‚
620 2677 678 2762 28)
709 2678 944 2745 uerbis-'idm
973 2661 1014 2769 ἦν
1043 2678 1096 2750 καὶ
1126 2675 1316 2763 θαυμαστὸν
1344 2678 1381 2747 cd

316 2789 578 2869 σαμβαῦνωααῒς
599 2781 637 2852 rio
660 2782 745 2871 αὐτῷ
767 2787 809 2873 roi
831 2785 931 2871 καιρῷ
953 2782 1021 2851 τότε
1043 2787 1198 2870 παροῦσιν
1219 2786 1384 2869 significari

314 2891 447 2957 uidetur.
476 2924 519 2940 -—
547 2889 596 2954 his
623 2890 799 2977 explanatis
828 2889 970 2977 quidde
997 2890 1164 2956 Plutarcho
1186 2891 1385 2957 iudicandum

316 3000 357 3063 sit
377 2996 548 3062 uideamus.
593 3016 631 3061 ac
653 2988 817 3080 Polybium
832 2996 958 3083 quidem
978 2997 1096 3062 ibntem
1117 2998 1184 3063 eius
1206 3020 1270 3064 non
1289 3000 1384 3065 finisse

315 3107 347 3170 in
370 3109 480 3193 aperto
499 3110 565 3182 est,
595 3104 669 3193 qnia
695 3106 796 3169 multa
816 3104 884 3169 fuse
906 3098 1016 3168 narrat
1035 3103 1230 3182 Plutarchus,
1254 3126 1385 3192 quorum

315 3211 435 3276 nullum
449 3208 533 3298 apud
547 3210 710 3294 Polybium
725 3216 774 3274 est
788 3210 967 3292 uestigium,
989 3215 1022 3273 et
1031 3249 1034 3257 ·
1043 3209 1082 3274 de
1097 3209 1276 3276 Mediolano
1291 3215 1383 3299 capto

282 3346 286 3351 ·
317 3339 416 3401 aeque
431 3323 525 3405 atque
540 3317 635 3381 ceteri
650 3322 792 3381 auctores
805 3316 949 3381 dissentit
965 3316 1007 3380 ab
1022 3336 1068 3381 eo.
1102 3315 1258 3382 simillima
1279 3322 1385 3382 antem

315 3430 389 3490 sunt
411 3420 491 3511 quae
510 3421 695 3487 Plutarchus
717 3420 858 3509 prodidit
877 3422 908 3485 ei
930 3421 1236 3509 belli'dcsoriptr'oni,
1258 3444 1384 3506 quomc

316 3531 416 3597 tribus
431 3530 492 3598 illis
507 3529 686 3594 auctoribus
702 3549 809 3593 eruere
831 3549 870 3592 ec
892 3510 1066 3594 Fabianam
1087 3530 1190 3594 dicere
1212 3549 1382 3617 possumus.

316 3658 391 3703 nam
411 3630 529 3702 mirur'n
545 3642 697 3723 quantum
720 3636 876 3701 consentit
896 3631 937 3700 de
958 3634 1167 3701 Gaesatornm
1188 3636 1313 3700 nomine
1335 3636 1383 3700 in·

315 3741 520 3832 terpretando
540 3762 609 3805 cum
632 3741 752 3819 (tiocia
775 3741 814 3806 da
834 3727 953 3824 ingenti
974 3741 1209 3829 perturbatione
1231 3746 1264 3806 et
1284 3761 1383 3830 appa-

317 3855 388 3914 ratu
409 3848 620 3913 Romanorum
642 3870 714 3914 oum
735 3848 887 3925 omnibus,
908 3849 949 3913 de
969 3846 1061 3913 Gallo
1084 3853 1116 3912 ct
1139 3848 1240 3927 Galla,
1264 3849 1383 3914 Graeco

317 4080 528 4093 -u--n-u—-n—

359 4098 361 4105 t

422 4186 447 4259 f)
465 4186 519 4237 Non
543 4182 670 4238 conciliari
696 4188 798 4251 possunt
820 4200 875 4236 oum
897 4184 985 4237 ceteris
1009 4183 1151 4236 auctoribus
1174 4201 1239 4253 quae
1262 4185 1384 4254 Polybius

318 4274 349 4326 de
366 4277 453 4340 primis
469 4274 569 4340 procliis
585 4274 614 4327 n
635 4273 741 4327 Aemilio
757 4268 830 4339 Ptpo
848 4272 884 4326 O:
895 4272 972 4325 Atilio
987 4273 1087 4339 Regulo
1106 4288 1167 4326 coss.
1187 4276 1321 4327 connixis
1338 4291 1382 4327 orr-

316 4364 406 4430 posuit,
424 4367 475 4417 tum
492 4378 542 4415 non
559 4363 667 4415 secundo
691 4363 735 4415 ssd
757 4364 827 4414 tertio
845 4360 906 4413 belli
923 4378 988 4414 armo
1005 4362 1130 4413 Romanos
1146 4366 1215 4413 hona
1232 4363 1330 4418 Padum
1347 4363 1383 4414 lo-

317 4454 403 4518 gioncs
424 4452 526 4523 dumoso
548 4451 628 4504 tradit.
669 4450 702 4501 sb
725 4440 775 4503 solo
799 4451 907 4519 denique
931 4448 1046 4515 Scipione
1064 4449 1167 4501 absente
1185 4450 1308 4503 Marcello
1325 4453 1384 4502 Me-

317 4540 441 4592 diolanum
462 4546 631 4609 ¹expugnatum
655 4556 708 4591 rasse
725 4537 793 4591 haud
811 4541 862 4590 scio
881 4553 913 4589 an
932 4536 1089 4606 Scipionibus
1106 4538 1221 4606 fauturus
1239 4543 1383 4595 narreucrit.

317 4633 445 4695 practerea
458 4632 516 4696 quis
528 4628 560 4680 de
572 4629 646 4680 rebus
656 4626 756 4679 Gallicis
768 4614 963 4696 'stomomate
987 4625 1031 4693 (Π,
1052 4628 1095 4691 14)
1123 4627 1290 4680 tantummodo
1308 4641 1384 4694 agore

319 4716 367 4769 sibi
385 4721 544 4783 proposuerat
562 4716 637 4768 multa
654 4718 797 4782 perstrinxit
815 4721 858 4767 aut
879 4716 965 4767 omisit.
