<?xml version="1.0" encoding="UTF-8"?>
<!DOCTYPE html PUBLIC "-//W3C//DTD XHTML 1.0 Transitional//EN"
    "http://www.w3.org/TR/xhtml1/DTD/xhtml1-transitional.dtd">
<html xmlns="http://www.w3.org/1999/xhtml" xml:lang="en" lang="en">
 <head>
  <title>
</title>
<meta http-equiv="Content-Type" content="text/html;charset=utf-8" />
  <meta name='ocr-system' content='tesseract 3.04.00' />
  <meta name='ocr-capabilities' content='ocr_page ocr_carea ocr_par ocr_line ocrx_word'/>
</head>
<body>
  <div class='ocr_page' id='page_1' title='image "./quibusfontibusp01buchgoog_0087.png"; bbox 0 0 3417 5567; ppageno 0'>
   <div class='ocr_carea' id='block_1_1' title="bbox 755 652 1044 749">
    <p class='ocr_par' dir='ltr' id='par_1_1' title="bbox 755 652 1044 749">
     <span class='ocr_line' id='line_1_1' title="bbox 755 652 1044 749; baseline -0.007 -31"><span class='ocrx_word' id='word_1_1' title='bbox 755 652 1044 749; x_wconf 29' lang='lat' dir='ltr'>-at-l</span> 
     </span>
    </p>
   </div>
   <div class='ocr_carea' id='block_1_2' title="bbox 319 858 1481 2969">
    <p class='ocr_par' dir='ltr' id='par_1_2' title="bbox 319 858 1481 2969">
     <span class='ocr_line' id='line_1_2' title="bbox 324 858 1397 953; baseline 0.007 -28"><span class='ocrx_word' id='word_1_2' title='bbox 324 858 488 945; x_wconf 79' lang='lat' dir='ltr'>Appianas</span> <span class='ocrx_word' id='word_1_3' title='bbox 516 859 633 948; x_wconf 87' lang='lat' dir='ltr'>(Hann.</span> <span class='ocrx_word' id='word_1_4' title='bbox 656 863 714 948; x_wconf 77' lang='lat'>24)</span> <span class='ocrx_word' id='word_1_5' title='bbox 743 864 885 928; x_wconf 86' lang='lat' dir='ltr'>narrauit</span> <span class='ocrx_word' id='word_1_6' title='bbox 908 864 1033 952; x_wconf 85' lang='lat' dir='ltr'>equites</span> <span class='ocrx_word' id='word_1_7' title='bbox 1061 863 1219 931; x_wconf 69' lang='lat' dir='ltr'>Romarm</span> <span class='ocrx_word' id='word_1_8' title='bbox 1238 867 1293 953; x_wconf 85' lang='lat' dir='ltr'>qui</span> <span class='ocrx_word' id='word_1_9' title='bbox 1314 866 1397 932; x_wconf 77' lang='lat' dir='ltr'>eirea</span> 
     </span>
     <span class='ocr_line' id='line_1_3' title="bbox 319 964 1397 1053; baseline 0.006 -22"><span class='ocrx_word' id='word_1_10' title='bbox 319 964 494 1034; x_wconf 76' lang='lat' dir='ltr'>&#39;Aemilium</span> <span class='ocrx_word' id='word_1_11' title='bbox 523 967 657 1035; x_wconf 87' lang='lat' dir='ltr'>Paulum</span> <span class='ocrx_word' id='word_1_12' title='bbox 685 974 807 1047; x_wconf 85' lang='lat' dir='ltr'>essent,¹</span> <span class='ocrx_word' id='word_1_13' title='bbox 833 990 905 1034; x_wconf 89' lang='lat' dir='ltr'>oum</span> <span class='ocrx_word' id='word_1_14' title='bbox 931 991 1003 1035; x_wconf 84' lang='lat' dir='ltr'>eum</span> <span class='ocrx_word' id='word_1_15' title='bbox 1030 971 1119 1053; x_wconf 80' lang='lat' dir='ltr'>grani</span> <span class='ocrx_word' id='word_1_16' title='bbox 1142 967 1286 1037; x_wconf 78' lang='lat' dir='ltr'>urinae</span> <span class='ocrx_word' id='word_1_17' title='bbox 1300 969 1397 1038; x_wconf 89' lang='lat' dir='ltr'>ictum</span> 
     </span>
     <span class='ocr_line' id='line_1_4' title="bbox 326 1073 1397 1162; baseline 0.007 -25"><span class='ocrx_word' id='word_1_18' title='bbox 326 1092 367 1138; x_wconf 89' lang='lat' dir='ltr'>ex</span> <span class='ocrx_word' id='word_1_19' title='bbox 394 1093 474 1160; x_wconf 91' lang='lat' dir='ltr'>equo</span> <span class='ocrx_word' id='word_1_20' title='bbox 503 1073 701 1140; x_wconf 75' lang='lat' dir='ltr'>delabentem</span> <span class='ocrx_word' id='word_1_21' title='bbox 722 1076 878 1155; x_wconf 87' lang='lat' dir='ltr'>uiderent,</span> <span class='ocrx_word' id='word_1_22' title='bbox 900 1078 1066 1160; x_wconf 70' lang='lat' dir='ltr'>opinantes</span> <span class='ocrx_word' id='word_1_23' title='bbox 1087 1077 1130 1141; x_wconf 88' lang='lat' dir='ltr'>sd</span> <span class='ocrx_word' id='word_1_24' title='bbox 1149 1076 1247 1162; x_wconf 85' lang='lat' dir='ltr'>pedes</span> <span class='ocrx_word' id='word_1_25' title='bbox 1267 1078 1397 1144; x_wconf 86' lang='lat' dir='ltr'>descen-</span> 
     </span>
     <span class='ocr_line' id='line_1_5' title="bbox 325 1162 1398 1270; baseline 0.007 -28"><span class='ocrx_word' id='word_1_26' title='bbox 325 1177 399 1244; x_wconf 88' lang='lat' dir='ltr'>dere</span> <span class='ocrx_word' id='word_1_27' title='bbox 420 1162 546 1245; x_wconf 84' lang='lat' dir='ltr'>ihssisse</span> <span class='ocrx_word' id='word_1_28' title='bbox 574 1181 735 1269; x_wconf 83' lang='lat' dir='ltr'>consulem</span> <span class='ocrx_word' id='word_1_29' title='bbox 757 1180 921 1249; x_wconf 77' lang='lat' dir='ltr'>desiluisse</span> <span class='ocrx_word' id='word_1_30' title='bbox 941 1203 981 1247; x_wconf 88' lang='lat' dir='ltr'>ex</span> <span class='ocrx_word' id='word_1_31' title='bbox 1005 1182 1091 1270; x_wconf 85' lang='lat' dir='ltr'>equis</span> <span class='ocrx_word' id='word_1_32' title='bbox 1114 1202 1152 1247; x_wconf 90' lang='lat' dir='ltr'>ac</span> <span class='ocrx_word' id='word_1_33' title='bbox 1175 1182 1306 1267; x_wconf 89' lang='lat' dir='ltr'>pedibus</span> <span class='ocrx_word' id='word_1_34' title='bbox 1326 1204 1398 1249; x_wconf 91' lang='lat' dir='ltr'>cum</span> 
     </span>
     <span class='ocr_line' id='line_1_6' title="bbox 324 1284 1395 1374; baseline 0.005 -24"><span class='ocrx_word' id='word_1_35' title='bbox 324 1285 415 1351; x_wconf 90' lang='lat' dir='ltr'>hoste</span> <span class='ocrx_word' id='word_1_36' title='bbox 441 1306 597 1370; x_wconf 79' lang='lat' dir='ltr'>pugnasse</span> <span class='ocrx_word' id='word_1_37' title='bbox 625 1287 713 1352; x_wconf 89' lang='lat' dir='ltr'>addit</span> <span class='ocrx_word' id='word_1_38' title='bbox 740 1287 824 1366; x_wconf 87' lang='lat' dir='ltr'>XVI,</span> <span class='ocrx_word' id='word_1_39' title='bbox 855 1287 915 1353; x_wconf 79' lang='lat'>28:</span> <span class='ocrx_word' id='word_1_40' title='bbox 946 1284 1023 1356; x_wconf 80' lang='lat' dir='ltr'>idda</span> <span class='ocrx_word' id='word_1_41' title='bbox 1045 1284 1095 1368; x_wconf 77' lang='grc' dir='ltr'>δ’ὁ</span> <span class='ocrx_word' id='word_1_42' title='bbox 1114 1287 1251 1374; x_wconf 78' lang='grc' dir='ltr'><strong><em>Ἀννίβας</em></strong></span> <span class='ocrx_word' id='word_1_43' title='bbox 1278 1288 1395 1371; x_wconf 79' lang='lat' dir='ltr'>„Toic&#39;</span> 
     </span>
     <span class='ocr_line' id='line_1_7' title="bbox 325 1389 1397 1483; baseline 0.005 -26"><span class='ocrx_word' id='word_1_44' title='bbox 325 1389 388 1480; x_wconf 78' lang='grc' dir='ltr'>ἔφη</span> <span class='ocrx_word' id='word_1_45' title='bbox 411 1393 534 1475; x_wconf 79' lang='grc' dir='ltr'><strong><em>μᾶλλον</em></strong></span> <span class='ocrx_word' id='word_1_46' title='bbox 555 1392 743 1483; x_wconf 70' lang='grc' dir='ltr'><em>ἠβουλόμην</em></span> <span class='ocrx_word' id='word_1_47' title='bbox 768 1391 792 1483; x_wconf 75' lang='grc' dir='ltr'><em>ἡ</em></span> <span class='ocrx_word' id='word_1_48' title='bbox 806 1396 837 1462; x_wconf 79' lang='grc' dir='ltr'>εἰ</span> <span class='ocrx_word' id='word_1_49' title='bbox 853 1397 1042 1478; x_wconf 71' lang='grc' dir='ltr'><strong><em>δεδεμένους</em></strong></span> <span class='ocrx_word' id='word_1_50' title='bbox 1064 1395 1281 1482; x_wconf 75' lang='grc' dir='ltr'><strong><em>παρέλαβον.“</em></strong></span> <span class='ocrx_word' id='word_1_51' title='bbox 1308 1392 1397 1462; x_wconf 63' lang='lat' dir='ltr'>mat</span> 
     </span>
     <span class='ocr_line' id='line_1_8' title="bbox 323 1495 1396 1590; baseline 0.002 -26"><span class='ocrx_word' id='word_1_52' title='bbox 323 1500 422 1564; x_wconf 79' lang='grc' dir='ltr'><em>ταῦτα</em></span> <span class='ocrx_word' id='word_1_53' title='bbox 442 1495 505 1582; x_wconf 80' lang='grc' dir='ltr'>μὲν</span> <span class='ocrx_word' id='word_1_54' title='bbox 527 1500 559 1566; x_wconf 79' lang='grc' dir='ltr'>οἱ</span> <span class='ocrx_word' id='word_1_55' title='bbox 580 1496 634 1576; x_wconf 76' lang='grc' dir='ltr'>τὰς</span> <span class='ocrx_word' id='word_1_56' title='bbox 663 1497 836 1584; x_wconf 78' lang='grc' dir='ltr'><em>διεξοδικὰς</em></span> <span class='ocrx_word' id='word_1_57' title='bbox 860 1498 1043 1590; x_wconf 77' lang='grc' dir='ltr'><strong>γράψαντες</strong></span> <span class='ocrx_word' id='word_1_58' title='bbox 1065 1502 1201 1590; x_wconf 78' lang='grc' dir='ltr'><strong><em>ἱστορίας</em></strong></span> <span class='ocrx_word' id='word_1_59' title='bbox 1222 1502 1396 1589; x_wconf 72' lang='grc' dir='ltr'><strong><em>παρηγγέλ-</em></strong></span> 
     </span>
     <span class='ocr_line' id='line_1_9' title="bbox 323 1605 1397 1701; baseline 0.001 -33"><span class='ocrx_word' id='word_1_60' title='bbox 323 1622 417 1701; x_wconf 21' lang='lat' dir='ltr'>aoso..</span> <span class='ocrx_word' id='word_1_61' title='bbox 453 1606 582 1690; x_wconf 90' lang='lat' dir='ltr'>opponit</span> <span class='ocrx_word' id='word_1_62' title='bbox 608 1607 703 1691; x_wconf 84' lang='lat' dir='ltr'>igitur</span> <span class='ocrx_word' id='word_1_63' title='bbox 730 1608 759 1672; x_wconf 93' lang='lat' dir='ltr'>ei</span> <span class='ocrx_word' id='word_1_64' title='bbox 787 1627 881 1695; x_wconf 89' lang='lat' dir='ltr'>quem</span> <span class='ocrx_word' id='word_1_65' title='bbox 913 1607 1110 1689; x_wconf 81' lang='lat' dir='ltr'>potissimum</span> <span class='ocrx_word' id='word_1_66' title='bbox 1144 1606 1258 1671; x_wconf 91' lang='lat' dir='ltr'>duoem</span> <span class='ocrx_word' id='word_1_67' title='bbox 1285 1605 1397 1672; x_wconf 89' lang='lat' dir='ltr'>habuit</span> 
     </span>
     <span class='ocr_line' id='line_1_10' title="bbox 325 1710 1396 1802; baseline 0.004 -28"><span class='ocrx_word' id='word_1_68' title='bbox 325 1710 463 1776; x_wconf 88' lang='lat' dir='ltr'>alterum</span> <span class='ocrx_word' id='word_1_69' title='bbox 486 1717 645 1778; x_wconf 82' lang='lat' dir='ltr'>auctorem</span> <span class='ocrx_word' id='word_1_70' title='bbox 667 1734 799 1802; x_wconf 87' lang='lat' dir='ltr'>eumque</span> <span class='ocrx_word' id='word_1_71' title='bbox 819 1713 1028 1798; x_wconf 86' lang='lat' dir='ltr'>prolixiorem.</span> <span class='ocrx_word' id='word_1_72' title='bbox 1072 1714 1137 1778; x_wconf 91' lang='lat' dir='ltr'>iam</span> <span class='ocrx_word' id='word_1_73' title='bbox 1154 1734 1238 1779; x_wconf 64' lang='lat' dir='ltr'>«uero</span> <span class='ocrx_word' id='word_1_74' title='bbox 1264 1713 1396 1780; x_wconf 87' lang='lat' dir='ltr'>Fabium</span> 
     </span>
     <span class='ocr_line' id='line_1_11' title="bbox 324 1806 1397 1908; baseline 0.004 -27"><span class='ocrx_word' id='word_1_75' title='bbox 324 1816 483 1882; x_wconf 89' lang='lat' dir='ltr'>Pictorem</span> <span class='ocrx_word' id='word_1_76' title='bbox 510 1819 693 1903; x_wconf 87' lang='lat' dir='ltr'>primarium</span> <span class='ocrx_word' id='word_1_77' title='bbox 724 1819 876 1885; x_wconf 90' lang='lat' dir='ltr'>habentes</span> <span class='ocrx_word' id='word_1_78' title='bbox 911 1825 1070 1886; x_wconf 86' lang='lat' dir='ltr'>auctorem</span> <span class='ocrx_word' id='word_1_79' title='bbox 1098 1806 1168 1908; x_wconf 86' lang='grc' dir='ltr'>φύε</span> <span class='ocrx_word' id='word_1_80' title='bbox 1194 1819 1295 1902; x_wconf 83' lang='lat' dir='ltr'>firerit</span> <span class='ocrx_word' id='word_1_81' title='bbox 1309 1820 1397 1887; x_wconf 83' lang='lat' dir='ltr'>alter</span> 
     </span>
     <span class='ocr_line' id='line_1_12' title="bbox 324 1923 1397 2010; baseline 0.006 -23"><span class='ocrx_word' id='word_1_82' title='bbox 324 1928 435 2000; x_wconf 88' lang='lat' dir='ltr'>auctor</span> <span class='ocrx_word' id='word_1_83' title='bbox 459 1945 522 1988; x_wconf 90' lang='lat' dir='ltr'>non</span> <span class='ocrx_word' id='word_1_84' title='bbox 543 1923 671 1990; x_wconf 88' lang='lat' dir='ltr'>difficile</span> <span class='ocrx_word' id='word_1_85' title='bbox 694 1931 743 1991; x_wconf 91' lang='lat' dir='ltr'>est</span> <span class='ocrx_word' id='word_1_86' title='bbox 764 1926 806 1991; x_wconf 93' lang='lat' dir='ltr'>ad</span> <span class='ocrx_word' id='word_1_87' title='bbox 835 1924 1055 2010; x_wconf 82' lang='lat' dir='ltr'>indagandum.</span> <span class='ocrx_word' id='word_1_88' title='bbox 1098 1945 1173 1992; x_wconf 86' lang='lat' dir='ltr'>nam</span> <span class='ocrx_word' id='word_1_89' title='bbox 1194 1947 1265 1990; x_wconf 89' lang='lat' dir='ltr'>cum</span> <span class='ocrx_word' id='word_1_90' title='bbox 1279 1925 1397 1996; x_wconf 70' lang='lat' dir='ltr'>‚eadem</span> 
     </span>
     <span class='ocr_line' id='line_1_13' title="bbox 323 2017 1481 2118; baseline 0.003 -25"><span class='ocrx_word' id='word_1_91' title='bbox 323 2029 423 2094; x_wconf 84' lang='lat' dir='ltr'>uerba</span> <span class='ocrx_word' id='word_1_92' title='bbox 445 2029 630 2096; x_wconf 82' lang='lat' dir='ltr'>Hannibalis</span> <span class='ocrx_word' id='word_1_93' title='bbox 653 2031 738 2115; x_wconf 89' lang='lat' dir='ltr'>apud</span> <span class='ocrx_word' id='word_1_94' title='bbox 760 2032 886 2097; x_wconf 87' lang='lat' dir='ltr'>Liuium</span> <span class='ocrx_word' id='word_1_95' title='bbox 908 2031 1025 2118; x_wconf 86' lang='lat' dir='ltr'>(XXII,</span> <span class='ocrx_word' id='word_1_96' title='bbox 1046 2032 1159 2118; x_wconf 75' lang='lat'><strong>49,‚3)</strong></span> <span class='ocrx_word' id='word_1_97' title='bbox 1181 2032 1395 2099; x_wconf 80' lang='lat' dir='ltr'>inueniuntur:</span> <span class='ocrx_word' id='word_1_98' title='bbox 1479 2017 1481 2020; x_wconf 33' lang='lat'>⁵</span> 
     </span>
     <span class='ocr_line' id='line_1_14' title="bbox 324 2136 1395 2225; baseline 0.006 -26"><span class='ocrx_word' id='word_1_99' title='bbox 324 2140 414 2213; x_wconf 89' lang='lat' dir='ltr'>„tum</span> <span class='ocrx_word' id='word_1_100' title='bbox 441 2136 638 2203; x_wconf 77' lang='lat' dir='ltr'>denuntianti</span> <span class='ocrx_word' id='word_1_101' title='bbox 666 2137 789 2205; x_wconf 89' lang='lat' dir='ltr'>cuidam</span> <span class='ocrx_word' id='word_1_102' title='bbox 822 2139 948 2203; x_wconf 89' lang='lat' dir='ltr'>iussisse</span> <span class='ocrx_word' id='word_1_103' title='bbox 982 2138 1139 2225; x_wconf 85' lang='lat' dir='ltr'>consulem</span> <span class='ocrx_word' id='word_1_104' title='bbox 1161 2138 1203 2204; x_wconf 89' lang='lat' dir='ltr'>ad</span> <span class='ocrx_word' id='word_1_105' title='bbox 1222 2137 1318 2223; x_wconf 87' lang='lat' dir='ltr'>pedes</span> <span class='ocrx_word' id='word_1_106' title='bbox 1339 2140 1395 2205; x_wconf 88' lang='lat' dir='ltr'>de-</span> 
     </span>
     <span class='ocr_line' id='line_1_15' title="bbox 324 2232 1396 2333; baseline 0.004 -25"><span class='ocrx_word' id='word_1_107' title='bbox 324 2241 474 2308; x_wconf 87' lang='lat' dir='ltr'>scendere</span> <span class='ocrx_word' id='word_1_108' title='bbox 497 2243 627 2330; x_wconf 88' lang='lat' dir='ltr'>equites,</span> <span class='ocrx_word' id='word_1_109' title='bbox 650 2242 765 2312; x_wconf 81' lang='lat' dir='ltr'>dixisse</span> <span class='ocrx_word' id='word_1_110' title='bbox 788 2232 1000 2313; x_wconf 84' lang='lat' dir='ltr'>Hannibalem</span> <span class='ocrx_word' id='word_1_111' title='bbox 1020 2244 1135 2322; x_wconf 80' lang='lat' dir='ltr'>ferrmt,</span> <span class='ocrx_word' id='word_1_112' title='bbox 1155 2265 1249 2333; x_wconf 86' lang='lat' dir='ltr'>qnam</span> <span class='ocrx_word' id='word_1_113' title='bbox 1270 2246 1396 2313; x_wconf 87' lang='lat' dir='ltr'>mallem</span> 
     </span>
     <span class='ocr_line' id='line_1_16' title="bbox 323 2346 1396 2440; baseline 0.005 -26"><span class='ocrx_word' id='word_1_114' title='bbox 323 2348 446 2414; x_wconf 70' lang='lat' dir='ltr'>aneas</span> <span class='ocrx_word' id='word_1_115' title='bbox 474 2346 551 2413; x_wconf 91' lang='lat' dir='ltr'>mihi</span> <span class='ocrx_word' id='word_1_116' title='bbox 579 2346 751 2431; x_wconf 84' lang='lat' dir='ltr'>traderet‚“</span> <span class='ocrx_word' id='word_1_117' title='bbox 778 2350 834 2414; x_wconf 90' lang='lat' dir='ltr'>uix</span> <span class='ocrx_word' id='word_1_118' title='bbox 863 2348 1001 2415; x_wconf 87' lang='lat' dir='ltr'>dubitari</span> <span class='ocrx_word' id='word_1_119' title='bbox 1027 2370 1118 2434; x_wconf 87' lang='lat' dir='ltr'>posse</span> <span class='ocrx_word' id='word_1_120' title='bbox 1143 2356 1291 2434; x_wconf 86' lang='lat' dir='ltr'>putemus</span> <span class='ocrx_word' id='word_1_121' title='bbox 1320 2354 1396 2440; x_wconf 90' lang='lat' dir='ltr'>quin</span> 
     </span>
     <span class='ocr_line' id='line_1_17' title="bbox 321 2454 1395 2539; baseline 0.005 -19"><span class='ocrx_word' id='word_1_122' title='bbox 321 2456 425 2539; x_wconf 91' lang='lat' dir='ltr'>ipsum</span> <span class='ocrx_word' id='word_1_123' title='bbox 447 2455 572 2521; x_wconf 89' lang='lat' dir='ltr'>Liuium</span> <span class='ocrx_word' id='word_1_124' title='bbox 592 2455 654 2520; x_wconf 91' lang='lat' dir='ltr'>illis</span> <span class='ocrx_word' id='word_1_125' title='bbox 675 2455 780 2521; x_wconf 86' lang='lat' dir='ltr'>uerbis</span> <span class='ocrx_word' id='word_1_126' title='bbox 800 2454 1010 2539; x_wconf 65' lang='lat' dir='ltr'>desimrauerit</span> <span class='ocrx_word' id='word_1_127' title='bbox 1030 2455 1225 2522; x_wconf 81' lang='lat' dir='ltr'>Plutarchus.</span> <span class='ocrx_word' id='word_1_128' title='bbox 1278 2478 1316 2522; x_wconf 88' lang='lat' dir='ltr'>ac</span> <span class='ocrx_word' id='word_1_129' title='bbox 1337 2480 1395 2525; x_wconf 91' lang='lat' dir='ltr'>sno</span> 
     </span>
     <span class='ocr_line' id='line_1_18' title="bbox 322 2551 1392 2650; baseline 0.004 -24"><span class='ocrx_word' id='word_1_130' title='bbox 322 2561 390 2627; x_wconf 86' lang='lat' dir='ltr'>iure</span> <span class='ocrx_word' id='word_1_131' title='bbox 417 2561 499 2627; x_wconf 85' lang='lat' dir='ltr'>Liuii</span> <span class='ocrx_word' id='word_1_132' title='bbox 525 2562 687 2627; x_wconf 80' lang='lat' dir='ltr'>historiam</span> <span class='ocrx_word' id='word_1_133' title='bbox 714 2551 962 2647; x_wconf 40' lang='lat' dir='ltr'>prolixiorem&amp;</span> <span class='ocrx_word' id='word_1_134' title='bbox 990 2563 1202 2650; x_wconf 74' lang='lat' dir='ltr'>subsequam</span> <span class='ocrx_word' id='word_1_135' title='bbox 1223 2564 1314 2630; x_wconf 84' lang='lat' dir='ltr'>Fabii</span> <span class='ocrx_word' id='word_1_136' title='bbox 1339 2565 1392 2630; x_wconf 92' lang='lat' dir='ltr'>Pi-</span> 
     </span>
     <span class='ocr_line' id='line_1_19' title="bbox 323 2668 1396 2757; baseline 0.004 -22"><span class='ocrx_word' id='word_1_137' title='bbox 323 2670 418 2735; x_wconf 88' lang='lat' dir='ltr'>ctoris</span> <span class='ocrx_word' id='word_1_138' title='bbox 441 2668 570 2735; x_wconf 90' lang='lat' dir='ltr'>annales</span> <span class='ocrx_word' id='word_1_139' title='bbox 592 2668 696 2734; x_wconf 86' lang='lat' dir='ltr'>dicere</span> <span class='ocrx_word' id='word_1_140' title='bbox 717 2670 828 2753; x_wconf 87' lang='lat' dir='ltr'>potuit.</span> <span class='ocrx_word' id='word_1_141' title='bbox 872 2689 974 2757; x_wconf 88' lang='lat' dir='ltr'>neque</span> <span class='ocrx_word' id='word_1_142' title='bbox 999 2669 1093 2734; x_wconf 85' lang='lat' dir='ltr'>ahter</span> <span class='ocrx_word' id='word_1_143' title='bbox 1113 2670 1147 2735; x_wconf 91' lang='lat' dir='ltr'>in</span> <span class='ocrx_word' id='word_1_144' title='bbox 1167 2670 1235 2735; x_wconf 88' lang='lat' dir='ltr'>nita</span> <span class='ocrx_word' id='word_1_145' title='bbox 1254 2671 1396 2739; x_wconf 84' lang='lat' dir='ltr'>Marcelli</span> 
     </span>
     <span class='ocr_line' id='line_1_20' title="bbox 322 2761 1477 2863; baseline 0.003 -22"><span class='ocrx_word' id='word_1_146' title='bbox 322 2776 497 2841; x_wconf 81' lang='lat' dir='ltr'>narrationi</span> <span class='ocrx_word' id='word_1_147' title='bbox 525 2796 600 2840; x_wconf 90' lang='lat' dir='ltr'>suae</span> <span class='ocrx_word' id='word_1_148' title='bbox 629 2775 844 2841; x_wconf 87' lang='lat' dir='ltr'>memorabilia</span> <span class='ocrx_word' id='word_1_149' title='bbox 872 2775 1027 2863; x_wconf 88' lang='lat' dir='ltr'>quaedam</span> <span class='ocrx_word' id='word_1_150' title='bbox 1047 2775 1146 2842; x_wconf 90' lang='lat' dir='ltr'>uerba</span> <span class='ocrx_word' id='word_1_151' title='bbox 1167 2777 1250 2854; x_wconf 88' lang='lat' dir='ltr'>Liuii</span> <span class='ocrx_word' id='word_1_152' title='bbox 1270 2780 1396 2845; x_wconf 92' lang='lat' dir='ltr'>nomine</span> <span class='ocrx_word' id='word_1_153' title='bbox 1472 2761 1477 2786; x_wconf 79' lang='lat'><strong>¹</strong></span> 
     </span>
     <span class='ocr_line' id='line_1_21' title="bbox 323 2880 1394 2969; baseline 0.003 -22"><span class='ocrx_word' id='word_1_154' title='bbox 323 2884 390 2948; x_wconf 90' lang='lat' dir='ltr'>eius</span> <span class='ocrx_word' id='word_1_155' title='bbox 413 2884 557 2967; x_wconf 89' lang='lat' dir='ltr'>apposito</span> <span class='ocrx_word' id='word_1_156' title='bbox 580 2882 731 2947; x_wconf 85' lang='lat' dir='ltr'>annexuit</span> <span class='ocrx_word' id='word_1_157' title='bbox 753 2882 805 2968; x_wconf 84' lang='lat' dir='ltr'>(cf.</span> <span class='ocrx_word' id='word_1_158' title='bbox 829 2880 925 2945; x_wconf 87' lang='lat' dir='ltr'>Marc.</span> <span class='ocrx_word' id='word_1_159' title='bbox 949 2880 1004 2959; x_wconf 86' lang='lat' dir='ltr'>XI,</span> <span class='ocrx_word' id='word_1_160' title='bbox 1027 2883 1071 2946; x_wconf 77' lang='lat'>22</span> <span class='ocrx_word' id='word_1_161' title='bbox 1078 2906 1087 2959; x_wconf 87' lang='lat'><em>3</em></span> <span class='ocrx_word' id='word_1_162' title='bbox 1119 2881 1232 2962; x_wconf 88' lang='lat' dir='ltr'>XXIV,</span> <span class='ocrx_word' id='word_1_163' title='bbox 1256 2884 1324 2969; x_wconf 81' lang='lat'><strong>20).</strong></span> <span class='ocrx_word' id='word_1_164' title='bbox 1367 2885 1394 2950; x_wconf 91' lang='lat' dir='ltr'>si</span> 
     </span>
    </p>
   </div>
   <div class='ocr_carea' id='block_1_3' title="bbox 322 2983 1495 3072">
    <p class='ocr_par' dir='ltr' id='par_1_3' title="bbox 322 2983 1495 3072">
     <span class='ocr_line' id='line_1_22' title="bbox 322 2983 1495 3072; baseline 0 -16"><span class='ocrx_word' id='word_1_165' title='bbox 322 3010 397 3055; x_wconf 92' lang='lat' dir='ltr'>uero</span> <span class='ocrx_word' id='word_1_166' title='bbox 419 3005 484 3053; x_wconf 92' lang='lat' dir='ltr'>non</span> <span class='ocrx_word' id='word_1_167' title='bbox 505 2987 638 3054; x_wconf 84' lang='lat' dir='ltr'>Fabium</span> <span class='ocrx_word' id='word_1_168' title='bbox 660 2988 715 3053; x_wconf 91' lang='lat' dir='ltr'>sed</span> <span class='ocrx_word' id='word_1_169' title='bbox 737 2988 862 3054; x_wconf 91' lang='lat' dir='ltr'>Liuium</span> <span class='ocrx_word' id='word_1_170' title='bbox 883 2987 1067 3072; x_wconf 81' lang='lat' dir='ltr'>primarium</span> <span class='ocrx_word' id='word_1_171' title='bbox 1088 2994 1247 3055; x_wconf 90' lang='lat' dir='ltr'>auctorem</span> <span class='ocrx_word' id='word_1_172' title='bbox 1269 2991 1394 3058; x_wconf 87' lang='lat' dir='ltr'>Plutar-</span> <span class='ocrx_word' id='word_1_173' title='bbox 1490 2983 1495 2989; x_wconf 71' lang='grc'><strong>’</strong></span> 
     </span>
    </p>
   </div>
   <div class='ocr_carea' id='block_1_4' title="bbox 322 3092 1394 3393">
    <p class='ocr_par' dir='ltr' id='par_1_4' title="bbox 322 3092 1394 3393">
     <span class='ocr_line' id='line_1_23' title="bbox 323 3092 1394 3187; baseline 0 -23"><span class='ocrx_word' id='word_1_174' title='bbox 323 3098 375 3164; x_wconf 91' lang='lat' dir='ltr'>chi</span> <span class='ocrx_word' id='word_1_175' title='bbox 401 3095 666 3187; x_wconf 78' lang='lat' dir='ltr'>finisseposueris</span> <span class='ocrx_word' id='word_1_176' title='bbox 688 3092 950 3183; x_wconf 88' lang='lat' dir='ltr'>quemadmodum</span> <span class='ocrx_word' id='word_1_177' title='bbox 971 3094 1070 3160; x_wconf 88' lang='lat' dir='ltr'>uerba</span> <span class='ocrx_word' id='word_1_178' title='bbox 1090 3096 1146 3160; x_wconf 88' lang='lat' dir='ltr'>illa</span> <span class='ocrx_word' id='word_1_179' title='bbox 1166 3096 1394 3182; x_wconf 89' lang='lat' dir='ltr'>interpretabe-</span> 
     </span>
     <span class='ocr_line' id='line_1_24' title="bbox 322 3199 1394 3290; baseline -0.001 -23"><span class='ocrx_word' id='word_1_180' title='bbox 322 3203 386 3268; x_wconf 87' lang='lat' dir='ltr'>ris?</span> <span class='ocrx_word' id='word_1_181' title='bbox 432 3222 506 3267; x_wconf 86' lang='lat' dir='ltr'>nam</span> <span class='ocrx_word' id='word_1_182' title='bbox 534 3221 589 3266; x_wconf 92' lang='lat' dir='ltr'>cur</span> <span class='ocrx_word' id='word_1_183' title='bbox 616 3207 652 3266; x_wconf 91' lang='lat' dir='ltr'>ut</span> <span class='ocrx_word' id='word_1_184' title='bbox 679 3206 785 3266; x_wconf 88' lang='lat' dir='ltr'>cetera</span> <span class='ocrx_word' id='word_1_185' title='bbox 810 3222 875 3267; x_wconf 93' lang='lat' dir='ltr'>non</span> <span class='ocrx_word' id='word_1_186' title='bbox 896 3202 972 3266; x_wconf 91' lang='lat' dir='ltr'>item</span> <span class='ocrx_word' id='word_1_187' title='bbox 994 3199 1113 3266; x_wconf 90' lang='lat' dir='ltr'>dictum</span> <span class='ocrx_word' id='word_1_188' title='bbox 1132 3200 1211 3266; x_wconf 91' lang='lat' dir='ltr'>illud</span> <span class='ocrx_word' id='word_1_189' title='bbox 1233 3202 1318 3290; x_wconf 91' lang='lat' dir='ltr'>quod</span> <span class='ocrx_word' id='word_1_190' title='bbox 1338 3202 1394 3278; x_wconf 84' lang='lat' dir='ltr'>iis-</span> 
     </span>
     <span class='ocr_line' id='line_1_25' title="bbox 322 3305 1394 3393; baseline 0.001 -17"><span class='ocrx_word' id='word_1_191' title='bbox 322 3310 394 3377; x_wconf 91' lang='lat' dir='ltr'>dem</span> <span class='ocrx_word' id='word_1_192' title='bbox 423 3309 527 3375; x_wconf 91' lang='lat' dir='ltr'>uerbis</span> <span class='ocrx_word' id='word_1_193' title='bbox 556 3305 664 3374; x_wconf 87' lang='lat' dir='ltr'>Liuius</span> <span class='ocrx_word' id='word_1_194' title='bbox 695 3305 822 3374; x_wconf 83' lang='lat' dir='ltr'>exhibet</span> <span class='ocrx_word' id='word_1_195' title='bbox 850 3330 891 3373; x_wconf 89' lang='lat' dir='ltr'>ex</span> <span class='ocrx_word' id='word_1_196' title='bbox 917 3329 955 3374; x_wconf 91' lang='lat' dir='ltr'>eo</span> <span class='ocrx_word' id='word_1_197' title='bbox 976 3308 1133 3393; x_wconf 76' lang='lat' dir='ltr'>petiuerit,</span> <span class='ocrx_word' id='word_1_198' title='bbox 1157 3307 1212 3373; x_wconf 89' lang='lat' dir='ltr'>sed</span> <span class='ocrx_word' id='word_1_199' title='bbox 1234 3308 1276 3374; x_wconf 91' lang='lat' dir='ltr'>ad</span> <span class='ocrx_word' id='word_1_200' title='bbox 1297 3309 1394 3377; x_wconf 89' lang='lat' dir='ltr'>alium</span> 
     </span>
    </p>
   </div>
   <div class='ocr_carea' id='block_1_5' title="bbox 203 3400 1498 3610">
    <p class='ocr_par' dir='ltr' id='par_1_5' title="bbox 203 3400 1498 3610">
     <span class='ocr_line' id='line_1_26' title="bbox 203 3400 1395 3503; baseline -0.002 -20"><span class='ocrx_word' id='word_1_201' title='bbox 203 3451 208 3461; x_wconf 68' lang='grc'><strong>»</strong></span> <span class='ocrx_word' id='word_1_202' title='bbox 321 3420 482 3483; x_wconf 84' lang='lat' dir='ltr'>auctorem</span> <span class='ocrx_word' id='word_1_203' title='bbox 502 3414 720 3500; x_wconf 88' lang='lat' dir='ltr'>prouocauerit</span> <span class='ocrx_word' id='word_1_204' title='bbox 742 3435 806 3479; x_wconf 89' lang='lat' dir='ltr'>non</span> <span class='ocrx_word' id='word_1_205' title='bbox 828 3400 1026 3498; x_wconf 74' lang='lat' dir='ltr'>intellegitur.</span> <span class='ocrx_word' id='word_1_206' title='bbox 1077 3407 1174 3502; x_wconf 86' lang='lat' dir='ltr'>atque</span> <span class='ocrx_word' id='word_1_207' title='bbox 1194 3407 1263 3503; x_wconf 97' lang='grc' dir='ltr'>φύε</span> <span class='ocrx_word' id='word_1_208' title='bbox 1285 3407 1395 3482; x_wconf 85' lang='lat' dir='ltr'>auctor</span> 
     </span>
     <span class='ocr_line' id='line_1_27' title="bbox 321 3516 1498 3610; baseline -0.004 -20"><span class='ocrx_word' id='word_1_209' title='bbox 321 3524 456 3610; x_wconf 90' lang='lat' dir='ltr'>amplius</span> <span class='ocrx_word' id='word_1_210' title='bbox 486 3543 582 3610; x_wconf 89' lang='lat' dir='ltr'>quam</span> <span class='ocrx_word' id='word_1_211' title='bbox 619 3519 730 3586; x_wconf 79' lang='lat' dir='ltr'>Limus</span> <span class='ocrx_word' id='word_1_212' title='bbox 762 3519 880 3587; x_wconf 90' lang='lat' dir='ltr'>bellum</span> <span class='ocrx_word' id='word_1_213' title='bbox 912 3516 1155 3587; x_wconf 87' lang='lat' dir='ltr'>Hanmbalicum</span> <span class='ocrx_word' id='word_1_214' title='bbox 1186 3520 1393 3606; x_wconf 83' lang='lat' dir='ltr'>exposuerat?</span> <span class='ocrx_word' id='word_1_215' title='bbox 1493 3526 1498 3535; x_wconf 85' lang='lat'>&#39;</span> 
     </span>
    </p>
   </div>
   <div class='ocr_carea' id='block_1_6' title="bbox 320 3625 1393 3717">
    <p class='ocr_par' dir='ltr' id='par_1_6' title="bbox 320 3625 1393 3717">
     <span class='ocr_line' id='line_1_28' title="bbox 320 3625 1393 3717; baseline -0.002 -22"><span class='ocrx_word' id='word_1_216' title='bbox 320 3631 428 3717; x_wconf 86' lang='lat' dir='ltr'>itaque</span> <span class='ocrx_word' id='word_1_217' title='bbox 456 3626 668 3694; x_wconf 85' lang='lat' dir='ltr'>‘existimamus</span> <span class='ocrx_word' id='word_1_218' title='bbox 703 3628 798 3708; x_wconf 80' lang='lat' dir='ltr'>etiam</span> <span class='ocrx_word' id='word_1_219' title='bbox 826 3628 909 3693; x_wconf 91' lang='lat' dir='ltr'>hunc</span> <span class='ocrx_word' id='word_1_220' title='bbox 936 3627 1040 3693; x_wconf 85' lang='lat' dir='ltr'>locum</span> <span class='ocrx_word' id='word_1_221' title='bbox 1065 3631 1193 3693; x_wconf 71' lang='lat' dir='ltr'>nocuae</span> <span class='ocrx_word' id='word_1_222' title='bbox 1221 3625 1393 3694; x_wconf 86' lang='lat' dir='ltr'>sententiae</span> 
     </span>
    </p>
   </div>
   <div class='ocr_carea' id='block_1_7' title="bbox 318 3995 1435 4776">
    <p class='ocr_par' dir='ltr' id='par_1_7' title="bbox 318 3995 1435 4776">
     <span class='ocr_line' id='line_1_29' title="bbox 427 3995 1392 4068; baseline -0.004 -14"><span class='ocrx_word' id='word_1_223' title='bbox 427 4002 451 4067; x_wconf 80' lang='lat'>⁸)</span> <span class='ocrx_word' id='word_1_224' title='bbox 471 4002 624 4067; x_wconf 83' lang='lat' dir='ltr'>Quamquam</span> <span class='ocrx_word' id='word_1_225' title='bbox 642 4017 690 4054; x_wconf 90' lang='lat' dir='ltr'>non</span> <span class='ocrx_word' id='word_1_226' title='bbox 707 4003 788 4053; x_wconf 86' lang='lat' dir='ltr'>minus</span> <span class='ocrx_word' id='word_1_227' title='bbox 806 4005 866 4068; x_wconf 87' lang='lat' dir='ltr'>quot</span> <span class='ocrx_word' id='word_1_228' title='bbox 883 3998 953 4052; x_wconf 85' lang='lat' dir='ltr'>libris</span> <span class='ocrx_word' id='word_1_229' title='bbox 970 4002 1096 4053; x_wconf 86' lang='lat' dir='ltr'>historiam</span> <span class='ocrx_word' id='word_1_230' title='bbox 1114 4014 1184 4051; x_wconf 88' lang='lat' dir='ltr'>suam</span> <span class='ocrx_word' id='word_1_231' title='bbox 1198 3995 1392 4063; x_wconf 87' lang='lat' dir='ltr'>comprehende-</span> 
     </span>
     <span class='ocr_line' id='line_1_30' title="bbox 319 4074 1435 4156; baseline -0.004 -13"><span class='ocrx_word' id='word_1_232' title='bbox 319 4094 353 4143; x_wconf 85' lang='lat' dir='ltr'>rit</span> <span class='ocrx_word' id='word_1_233' title='bbox 376 4090 469 4143; x_wconf 86' lang='lat' dir='ltr'>Fabius</span> <span class='ocrx_word' id='word_1_234' title='bbox 490 4091 576 4142; x_wconf 86' lang='lat' dir='ltr'>Pictor</span> <span class='ocrx_word' id='word_1_235' title='bbox 597 4104 672 4156; x_wconf 85' lang='lat' dir='ltr'>quam</span> <span class='ocrx_word' id='word_1_236' title='bbox 695 4090 727 4140; x_wconf 83' lang='lat' dir='ltr'>sd</span> <span class='ocrx_word' id='word_1_237' title='bbox 752 4104 824 4156; x_wconf 88' lang='lat' dir='ltr'>quem</span> <span class='ocrx_word' id='word_1_238' title='bbox 848 4104 940 4140; x_wconf 87' lang='lat' dir='ltr'>annum</span> <span class='ocrx_word' id='word_1_239' title='bbox 962 4104 1017 4140; x_wconf 79' lang='lat' dir='ltr'>eam</span> <span class='ocrx_word' id='word_1_240' title='bbox 1040 4074 1185 4155; x_wconf 83' lang='lat' dir='ltr'>produxerit</span> <span class='ocrx_word' id='word_1_241' title='bbox 1202 4090 1326 4139; x_wconf 68' lang='lat' dir='ltr'>incanum</span> <span class='ocrx_word' id='word_1_242' title='bbox 1349 4090 1393 4148; x_wconf 83' lang='lat' dir='ltr'>est,</span> <span class='ocrx_word' id='word_1_243' title='bbox 1430 4117 1435 4124; x_wconf 90' lang='lat'><em>-</em></span> 
     </span>
     <span class='ocr_line' id='line_1_31' title="bbox 320 4172 1394 4246; baseline -0.004 -15"><span class='ocrx_word' id='word_1_244' title='bbox 320 4185 403 4235; x_wconf 67' lang='lat' dir='ltr'>amen</span> <span class='ocrx_word' id='word_1_245' title='bbox 421 4192 486 4238; x_wconf 89' lang='lat' dir='ltr'>eum,</span> <span class='ocrx_word' id='word_1_246' title='bbox 510 4180 554 4246; x_wconf 88' lang='lat' dir='ltr'>qui</span> <span class='ocrx_word' id='word_1_247' title='bbox 570 4178 686 4244; x_wconf 82' lang='lat' dir='ltr'>princeps</span> <span class='ocrx_word' id='word_1_248' title='bbox 702 4178 868 4228; x_wconf 68' lang='lat' dir='ltr'>Moesorum</span> <span class='ocrx_word' id='word_1_249' title='bbox 886 4177 919 4228; x_wconf 80' lang='lat' dir='ltr'>sd</span> <span class='ocrx_word' id='word_1_250' title='bbox 937 4180 981 4228; x_wconf 76' lang='lat' dir='ltr'>&#39;res</span> <span class='ocrx_word' id='word_1_251' title='bbox 1005 4175 1196 4228; x_wconf 85' lang='lat' dir='ltr'>conscribendas</span> <span class='ocrx_word' id='word_1_252' title='bbox 1214 4172 1326 4235; x_wconf 72' lang='lat' dir='ltr'>amessia,</span> <span class='ocrx_word' id='word_1_253' title='bbox 1345 4191 1394 4227; x_wconf 86' lang='lat' dir='ltr'>uon</span> 
     </span>
     <span class='ocr_line' id='line_1_32' title="bbox 320 4261 1394 4334; baseline -0.007 -12"><span class='ocrx_word' id='word_1_254' title='bbox 320 4274 373 4323; x_wconf 81' lang='lat' dir='ltr'>tem</span> <span class='ocrx_word' id='word_1_255' title='bbox 389 4266 513 4334; x_wconf 85' lang='lat' dir='ltr'>prolixam</span> <span class='ocrx_word' id='word_1_256' title='bbox 530 4267 657 4318; x_wconf 80' lang='lat' dir='ltr'>historiam</span> <span class='ocrx_word' id='word_1_257' title='bbox 674 4261 783 4317; x_wconf 87' lang='lat' dir='ltr'>edidisse</span> <span class='ocrx_word' id='word_1_258' title='bbox 802 4279 877 4332; x_wconf 87' lang='lat' dir='ltr'>quarn</span> <span class='ocrx_word' id='word_1_259' title='bbox 887 4265 996 4322; x_wconf 79' lang='lat' dir='ltr'>Liuium,</span> <span class='ocrx_word' id='word_1_260' title='bbox 1013 4267 1055 4317; x_wconf 87' lang='lat' dir='ltr'>cui</span> <span class='ocrx_word' id='word_1_261' title='bbox 1072 4268 1108 4317; x_wconf 89' lang='lat' dir='ltr'>tot</span> <span class='ocrx_word' id='word_1_262' title='bbox 1124 4269 1149 4317; x_wconf 89' lang='lat' dir='ltr'>et</span> <span class='ocrx_word' id='word_1_263' title='bbox 1165 4269 1216 4315; x_wconf 81' lang='lat' dir='ltr'>tam</span> <span class='ocrx_word' id='word_1_264' title='bbox 1232 4264 1298 4314; x_wconf 81' lang='lat' dir='ltr'>uarii</span> <span class='ocrx_word' id='word_1_265' title='bbox 1314 4278 1394 4315; x_wconf 84' lang='lat' dir='ltr'>anna·</span> 
     </span>
     <span class='ocr_line' id='line_1_33' title="bbox 318 4337 1393 4422; baseline -0.004 -15"><span class='ocrx_word' id='word_1_266' title='bbox 318 4356 358 4409; x_wconf 82' lang='lat' dir='ltr'>les</span> <span class='ocrx_word' id='word_1_267' title='bbox 379 4358 478 4422; x_wconf 82' lang='lat' dir='ltr'>praesto</span> <span class='ocrx_word' id='word_1_268' title='bbox 500 4337 571 4407; x_wconf 75' lang='lat' dir='ltr'>orant</span> <span class='ocrx_word' id='word_1_269' title='bbox 592 4356 617 4404; x_wconf 90' lang='lat' dir='ltr'>et</span> <span class='ocrx_word' id='word_1_270' title='bbox 638 4355 683 4421; x_wconf 87' lang='lat' dir='ltr'>qni</span> <span class='ocrx_word' id='word_1_271' title='bbox 705 4353 738 4404; x_wconf 85' lang='lat' dir='ltr'>de</span> <span class='ocrx_word' id='word_1_272' title='bbox 755 4366 806 4405; x_wconf 87' lang='lat' dir='ltr'>nno</span> <span class='ocrx_word' id='word_1_273' title='bbox 823 4351 890 4404; x_wconf 87' lang='lat' dir='ltr'>bollo</span> <span class='ocrx_word' id='word_1_274' title='bbox 909 4352 1076 4405; x_wconf 79' lang='lat' dir='ltr'>Hannibalico</span> <span class='ocrx_word' id='word_1_275' title='bbox 1094 4353 1180 4403; x_wconf 86' lang='lat' dir='ltr'>decem</span> <span class='ocrx_word' id='word_1_276' title='bbox 1198 4350 1274 4403; x_wconf 87' lang='lat' dir='ltr'>libros</span> <span class='ocrx_word' id='word_1_277' title='bbox 1293 4364 1393 4417; x_wconf 83' lang='lat' dir='ltr'>compo·</span> 
     </span>
     <span class='ocr_line' id='line_1_34' title="bbox 319 4438 1393 4510; baseline -0.007 -11"><span class='ocrx_word' id='word_1_278' title='bbox 319 4448 380 4507; x_wconf 61' lang='lat' dir='ltr'>suits</span> <span class='ocrx_word' id='word_1_279' title='bbox 404 4458 461 4497; x_wconf 86' lang='lat' dir='ltr'>cum</span> <span class='ocrx_word' id='word_1_280' title='bbox 483 4457 524 4496; x_wconf 85' lang='lat' dir='ltr'>res</span> <span class='ocrx_word' id='word_1_281' title='bbox 546 4446 600 4510; x_wconf 85' lang='lat' dir='ltr'>ipsa</span> <span class='ocrx_word' id='word_1_282' title='bbox 618 4443 691 4495; x_wconf 88' lang='lat' dir='ltr'>docet</span> <span class='ocrx_word' id='word_1_283' title='bbox 708 4447 760 4496; x_wconf 87' lang='lat' dir='ltr'>tum</span> <span class='ocrx_word' id='word_1_284' title='bbox 777 4445 881 4495; x_wconf 68' lang='lat' dir='ltr'>meatur</span> <span class='ocrx_word' id='word_1_285' title='bbox 897 4442 973 4495; x_wconf 85' lang='lat' dir='ltr'>locus·</span> <span class='ocrx_word' id='word_1_286' title='bbox 984 4442 1086 4509; x_wconf 83' lang='lat' dir='ltr'>quidam</span> <span class='ocrx_word' id='word_1_287' title='bbox 1102 4438 1186 4499; x_wconf 80' lang='lat' dir='ltr'>Gellii,</span> <span class='ocrx_word' id='word_1_288' title='bbox 1202 4439 1273 4491; x_wconf 76' lang='lat' dir='ltr'>Nece</span> <span class='ocrx_word' id='word_1_289' title='bbox 1292 4439 1343 4491; x_wconf 73' lang='lat' dir='ltr'>att</span> <span class='ocrx_word' id='word_1_290' title='bbox 1361 4439 1393 4498; x_wconf 81' lang='lat' dir='ltr'>V,</span> 
     </span>
     <span class='ocr_line' id='line_1_35' title="bbox 319 4528 1394 4601; baseline -0.008 -14"><span class='ocrx_word' id='word_1_291' title='bbox 319 4536 346 4596; x_wconf 81' lang='grc'>4,</span> <span class='ocrx_word' id='word_1_292' title='bbox 362 4550 380 4586; x_wconf 84' lang='lat' dir='ltr'>s</span> <span class='ocrx_word' id='word_1_293' title='bbox 397 4547 448 4601; x_wconf 91' lang='lat' dir='ltr'>quo</span> <span class='ocrx_word' id='word_1_294' title='bbox 465 4534 615 4600; x_wconf 84' lang='lat' dir='ltr'>perspicitur</span> <span class='ocrx_word' id='word_1_295' title='bbox 631 4546 697 4600; x_wconf 88' lang='lat' dir='ltr'>quae</span> <span class='ocrx_word' id='word_1_296' title='bbox 708 4532 774 4584; x_wconf 89' lang='lat' dir='ltr'>Liuii</span> <span class='ocrx_word' id='word_1_297' title='bbox 786 4532 849 4583; x_wconf 91' lang='lat' dir='ltr'>libro</span> <span class='ocrx_word' id='word_1_298' title='bbox 862 4536 932 4584; x_wconf 83' lang='lat' dir='ltr'>sexto</span> <span class='ocrx_word' id='word_1_299' title='bbox 950 4533 1154 4583; x_wconf 69' lang='lat' dir='ltr'>continentiores</span> <span class='ocrx_word' id='word_1_300' title='bbox 1171 4531 1197 4580; x_wconf 90' lang='lat' dir='ltr'>in</span> <span class='ocrx_word' id='word_1_301' title='bbox 1215 4528 1287 4579; x_wconf 78' lang='lat' dir='ltr'>Fabii</span> <span class='ocrx_word' id='word_1_302' title='bbox 1306 4531 1394 4595; x_wconf 86' lang='lat' dir='ltr'>quarto</span> 
     </span>
     <span class='ocr_line' id='line_1_36' title="bbox 319 4614 1394 4688; baseline -0.007 -13"><span class='ocrx_word' id='word_1_303' title='bbox 319 4624 460 4688; x_wconf 79' lang='lat' dir='ltr'>conscripta</span> <span class='ocrx_word' id='word_1_304' title='bbox 482 4619 567 4673; x_wconf 87' lang='lat' dir='ltr'>fuisso.</span> <span class='ocrx_word' id='word_1_305' title='bbox 618 4624 751 4687; x_wconf 85' lang='lat' dir='ltr'>utrumque</span> <span class='ocrx_word' id='word_1_306' title='bbox 779 4623 861 4672; x_wconf 84' lang='lat' dir='ltr'>antem</span> <span class='ocrx_word' id='word_1_307' title='bbox 893 4636 908 4670; x_wconf 78' lang='lat' dir='ltr'>a</span> <span class='ocrx_word' id='word_1_308' title='bbox 935 4619 1075 4686; x_wconf 84' lang='lat' dir='ltr'>primordiis</span> <span class='ocrx_word' id='word_1_309' title='bbox 1095 4616 1165 4669; x_wconf 87' lang='lat' dir='ltr'>urbis</span> <span class='ocrx_word' id='word_1_310' title='bbox 1186 4618 1282 4667; x_wconf 76' lang='lat' dir='ltr'>initum</span> <span class='ocrx_word' id='word_1_311' title='bbox 1303 4614 1394 4667; x_wconf 84' lang='lat' dir='ltr'>iecisse</span> 
     </span>
     <span class='ocr_line' id='line_1_37' title="bbox 319 4710 1263 4776; baseline -0.012 -9"><span class='ocrx_word' id='word_1_312' title='bbox 319 4727 392 4767; x_wconf 87' lang='lat' dir='ltr'>nemo</span> <span class='ocrx_word' id='word_1_313' title='bbox 410 4713 515 4776; x_wconf 74' lang='lat' dir='ltr'>ignorat.</span> <span class='ocrx_word' id='word_1_314' title='bbox 1260 4710 1263 4715; x_wconf 83' lang='lat'>&#39;</span> 
     </span>
    </p>
   </div>
   <div class='ocr_carea' id='block_1_8' title="bbox 0 0 1714 5567">
    <p class='ocr_par' dir='ltr' id='par_1_8' title="bbox 0 0 1714 5567">
     <span class='ocr_line' id='line_1_38' title="bbox 0 0 1714 5567; baseline 0 1"><span class='ocrx_word' id='word_1_315' title='bbox 0 0 1714 5567; x_wconf 95' lang='lat' dir='ltr'> </span> 
     </span>
    </p>
   </div>
  </div>
 </body>
</html>
