3417 5567
723 584 943 650 ..20..

298 792 392 862 modo
413 794 453 861 de
475 795 565 863 Fabii
590 798 788 864 cmohtione
820 795 961 863 iudicant
986 796 1147 882 Appianas
1180 794 1282 863 Hann.
1317 798 1370 877 12,

299 902 341 967 13
369 903 567 969 etZonaras
594 904 670 969 VIII
695 925 766 988 pag.
791 903 1038 982 190‚15-20;
1069 905 1142 981 192,
1171 904 1257 969 1-9
1281 904 1370 991 (cdi.

296 1007 494 1093 Bonnmsis).
524 1008 529 1017 '

402 1116 501 1182 Paulo
528 1114 592 1181 alia
619 1115 701 1183 ratio
728 1117 812 1181 inter
839 1115 965 1183 eosdem
987 1122 1130 1182 auctores
1151 1114 1317 1183 intercedit
1336 1118 1370 1184 in

297 1220 336 1287 iis
359 1242 440 1304 quae
462 1227 618 1287 secuntur.
662 1222 695 1289 in
719 1222 893 1289 eumundo
916 1224 999 1288 enim
1021 1222 1104 1301 dolo,
1127 1243 1189 1306 quo
1211 1221 1381 1289 Hannibal

297 1347 338 1393 ex
363 1328 516 1411 angrmtiis
544 1329 611 1411 agri
637 1327 763 1395 Falerni
791 1329 915 1412 elapsas
944 1329 994 1406 sit,
1022 1329 1201 1413 saepissime
1228 1330 1310 1395 inter
1336 1352 1370 1396 se

297 1432 476 1519 discrepant
503 1434 599 1523 (Plut.
622 1435 794 1514 VI—-VII3
821 1435 888 1501 Pol.
910 1435 967 1513 III,
991 1434 1149 1513 90a943
1177 1436 1246 1501 Liu.
1269 1435 1370 1521 XXII,

298 1540 453 1626 13—18).
498 1561 690 1625 quamquam
717 1524 794 1625 duin
821 1546 892 1607 arto
919 1541 1044 1606 uinculo
1074 1540 1157 1607 inter
1190 1560 1224 1607 se
1257 1543 1370 1609 cohae-
1410 1604 1412 1609 ,

296 1650 387 1711 ruant
408 1646 525 1730 ambigi
545 1667 609 1711 non
629 1652 745 1730 potest,
766 1646 910 1713 omnibus
924 1646 958 1712 in
979 1648 1049 1731 ipsa
1062 1646 1171 1713 haudo
1185 1647 1375 1715 Hannibalis·

170 1774 173 1780 “
297 1750 502 1817 desoibcnda
516 1753 577 1840 (Pl.
592 1752 646 1831 VI,
662 1754 811 1829 26-323
833 1750 900 1819 Pol.
915 1753 969 1830 93,
984 1753 1131 1830 14-303
1154 1753 1206 1831 94,
1222 1755 1370 1831 20-243

297 1857 366 1923 Liu.
399 1859 441 1923 16
459 1859 489 1942 ξ.
511 1859 614 1937 1-8;
642 1860 684 1925 18
706 1865 735 1943 ξ.
758 1861 803 1945 1),
832 1859 1001 1925 Plutarcho
1029 1866 1064 1924 et
1089 1857 1180 1925 Liuio
1202 1860 1236 1924 in
1268 1860 1371 1925 furore

298 1963 395 2030 boum
421 1964 555 2031 flammis
591 1966 821 2032 stimulatorum
847 1963 1034 2031 illustrando
1062 1950 1122 2052 (Pl.
1140 1958 1200 2043 VI,
1223 1966 1371 2043 32-48;
1405 1990 1409 1997 ·

297 2070 366 2137 Liu.
379 2072 419 2135 11
433 2078 462 2156 ξ.
474 2070 578 2157 2-5)
593 2071 672 2137 adeo
688 2071 964 2150 consentientibus,
987 2077 1024 2136 ut
1044 2072 1183 2156 ipsorum
1204 2071 1370 2138 uerborum

297 2176 467 2243 similitudo
500 2178 777 2244 animaduertatur.
835 2198 897 2262 qno
937 2198 1012 2243 uero
1052 2178 1177 2243 1111111
1216 2180 1371 2245 coniuncti

296 2284 361 2349 sint
392 2285 493 2351 multo
526 2284 640 2351 clarius
673 2306 769 2369 quam
801 2290 896 2351 antea
923 2285 1135 2368 cognoscitur,
1163 2286 1310 2368 quoniam
1331 2307 1371 2351 ex

298 2391 374 2475 ipsis
401 2390 617 2476 discrepantiis
645 2394 747 2459 euinci
772 2398 880 2477 potest
906 2391 1108 2457 Plutarchum
1129 2413 1187 2457 nec
1208 2392 1371 2477 Polybium

297 2516 359 2563 nec
376 2497 501 2563 Liuium
522 2498 641 2564 fontem
662 2498 817 2591 habuisse.
845 2498 976 2583 Polybio
998 2498 1080 2563 enim
1102 2519 1174 2563 eum
1195 2520 1258 2563 non
1280 2521 1372 2593 usum

297 2624 374 2683 esse,
397 2626 438 2669 ne
452 2626 559 2671 omnes
574 2605 799 2689 discrepantias
819 2605 958 2683 afferam,
981 2605 1152 2671 oerthsimc
1174 2626 1213 2670 ex
1236 2624 1274 2672 co
1296 2628 1370 2672 con-

297 2711 434 2779 cluditur
445 2712 540 2797 quod,
553 2711 607 2778 ubi
619 2712 783 2797 Polybium
792 2734 874 2797 quac
885 2714 918 2778 in
930 2712 1094 2777 annalibus
1106 2713 1212 2796 inepte
1223 2719 1279 2778 aut
1293 2713 1372 2778 falso

296 2817 416 2885 tradita
443 2826 548 2885 essent
575 2822 698 2885 saniore
725 2820 841 2886 iudicio
864 2825 896 2885 et
918 2820 1111 2906 aunuatiore
1140 2839 1244 2883 rerum
1267 2820 1371 2903 cogni

298 2926 383 2993 tione
404 2927 597 2994 instructum·
614 2927 787 2992 correxisse
799 2926 999 2991 manifestum
1021 2930 1079 3003 est,
1101 2923 1287 2989 Plutarchus
1308 2946 1386 3003 non

296 3031 537 3117 probabiliorem
564 3054 602 3097 ao
629 3034 784 3099 ueriorem
805 3032 889 3097 illius
915 3032 1127 3097 narrationem
1153 3029 1289 3108 exhibet,
1316 3028 1372 3096 sed

298 3139 460 3207 annalium
481 3159 601 3204 errores
619 3140 787 3205 ›retmumse
809 3136 943 3203 uidetur.
987 3138 1034 3201 ita
1067 3158 1138 3201 cum
1159 3136 1372 3201 1111111111-

297 3250 366 3311 tum
386 3244 597 3311 Hannibalem
618 3244 733 3311 ducum
761 3265 866 3310 errore
887 3245 921 3309 in
942 3246 1052 3327 agrum
1073 3243 1240 3307 Falemnm
1261 3262 1372 3327 peme-

296 3350 390 3428 nisse,
413 3372 508 3434 quam
522 3347 661 3418 fabulam
683 3350 879 3417 hauddubie
901 3350 1063 3416 annalium
1084 3350 1251 3433 scriptores
1272 3346 1372 3415 tradi-

297 3456 426 3534 derant,
450 3455 598 3541 Polybius
625 3478 735 3522 ueram
757 3478 983 3546 causam‘qua
1014 3456 1185 3540 perductus
1212 3455 1372 3521 Hannibal

230 3592 236 3603 ¹
296 3564 331 3629 in
362 3583 472 3645 agrum
492 3563 661 3628 Falernum
693 3562 899 3641 descenderit,
933 3564 1094 3647 perspexit
1127 3583 1286 3645 exponens
1315 3582 1374 3639 sua

195 3703 199 3716 f
298 3675 410 3754 sponte
437 3669 613 3755 profectum
640 3690 709 3734 esse
736 3668 947 3734 Hannibalem
967 3667 1236 3751 inGampaniam,
1259 3672 1297 3732 ut
1317 3666 1373 3732 de·

296 3784 424 3844 uastata
444 3775 635 3845 fertilissima
642 3776 754 3841 Italiae
768 3776 896 3859 regione
919 3781 975 3841 aut
996 3775 1153 3840 Romame
1176 3774 1295 3858 proelio
1317 3772 1372 3838 de-

297 3890 417 3952 certare
439 3888 564 3967 cogeret
584 3888 642 3948 aut
663 3884 763 3948 socios
778 3903 888 3947 eorum
903 3880 945 3947 ad
961 3881 1168 3946 defectionem
1182 3871 1372 3945 sollicitaret

297 3997 366 4058 tum
392 3991 469 4055 dicit
494 3988 680 4055 Plutarchus
701 3971 928 4066 Hannibalem,
962 4008 1033 4053 cum
1055 3986 1193 4070 undique
1214 3985 1374 4051 montibus

297 4119 336 4164 ac
355 4096 534 4162 fluminibus
555 4094 693 4163 inclusus
716 4094 801 4159 saltn
823 4116 845 4159 a
866 4094 965 4160 Fabio
988 4097 1142 4177 occupato
1169 4093 1256 4158 nullo
1278 4090 1373 4159 modo

298 4204 432 4271 euadere
452 4206 568 4288 posset,
591 4202 634 4267 ad
654 4201 761 4267 dolum
774 4201 864 4265 illum
886 4200 1076 4284 confugisse3
1098 4196 1246 4283 Polybius
1267 4202 1373 4265 autem

298 4310 425 4376 minime
445 4310 479 4374 in
500 4310 599 4375 tantis
614 4309 766 4393 angustiis
780 4308 990 4375 Hannibalem
1011 4307 1106 4372 fuisse
1129 4306 1288 4372 existimat
1309 4311 1373 4371 tres

299 4399 490 4500 campaniae
504 4414 606 4481 exitus
618 4436 686 4481 csse
695 4416 764 4490 fuse
775 4414 947 4499 explanans
957 4417 1041 4501 (cap.
1053 4414 1122 4499 91),
1132 4412 1187 4478 sed
1200 4434 1271 4477 eum
1281 4411 1373 4477 certi·

300 4544 386 4590 orem
396 4524 514 4588 factum
524 4522 701 4606 insequenti
712 4521 764 4586 die
773 4521 906 4587 Fabium
917 4527 954 4586 ut
970 4520 1119 4604 praedam
1131 4520 1264 4603 eriperet
1275 4518 1373 4602 impe·

297 4634 367 4695 tum
377 4625 1373 4708 lacturnmesse‚utbostiumoousiliumirritumface1etfraudem
