3417 5567
766 660 985 726 ..25-

336 869 428 937 Liuio
444 877 500 935 eui
514 875 684 959 utrumque
696 892 736 936 ex
750 871 860 937 ecdem
882 873 969 938 iente
991 873 1139 940 hausisse.
1161 879 1267 942 utrum
1287 875 1402 959 proba-

335 978 429 1043 bilius
452 978 494 1042 sit
508 982 545 1041 ut
567 976 788 1055 discernamus,
811 980 987 1045 accuratius
1008 977 1098 1045 nobis
1119 980 1338 1067 inquirendum
1359 990 1407 1047 est
1499 969 1502 977 ¹

336 1085 370 1147 in
396 1082 532 1159 Liuium,
561 1083 616 1165 qui
642 1083 940 1166 suffuniatione
965 1085 1057 1149 huius
1078 1104 1203 1169 pugnae
1224 1086 1406 1171 descriptio-

336 1206 410 1255 nem
442 1190 625 1273 composuit.
682 1210 755 1255 nam
790 1210 862 1255 eum
896 1211 1005 1256 earum
1030 1173 1134 1257 rerum
1172 1213 1253 1276 quae
1277 1210 1406 1278 ‘pugnae

336 1300 584 1362 antecesserunt
601 1296 741 1364 narratio
774 1294 943 1361 abhorreat
971 1318 994 1361 a
1017 1296 1157 1382 Polybio,
1180 1299 1277 1381 ipsius
1299 1305 1405 1364 autem

335 1413 460 1489 pugnae
478 1401 702 1485 descriptionis
729 1401 815 1485 prior
842 1423 933 1485 pars,
960 1404 1026 1467 siue
1054 1410 1178 1487 spectas
1205 1404 1247 1470 sd
1266 1425 1319 1470 res
1340 1404 1406 1470 siue

335 1510 487 1575 obseruas
507 1508 648 1573 ordinem
668 1528 772 1571 rerum
794 1513 828 1572 et
847 1508 971 1592 singula
991 1509 1098 1587 uerba,
1120 1510 1234 1595 mirnm
1255 1517 1407 1598 quantum

335 1616 484 1680 concinat
504 1634 576 1677 cum
596 1634 634 1677 en
655 1612 739 1698 (Liu.
762 1613 863 1691 XXII,
890 1615 935 1679 45
958 1615 1119 1697 §.26447
1142 1620 1173 1699 ξ.
1192 1617 1233 1693 ·4;
1259 1616 1328 1682 Poe
1348 1618 1405 1694 Ill,
1467 1613 1469 1618 ’

335 1720 512 1787 113415
540 1740 610 1803 pag.
639 1720 715 1796 293,
743 1720 789 1804 4),
818 1740 893 1803 pars
919 1720 1063 1806 altera*)
1091 1721 1185 1787 modo
1213 1723 1306 1788 ualde
1333 1745 1405 1807 per.

338 1830 436 1914 plexa
457 1829 499 1893 sit
527 1833 564 1892 st
586 1826 834 1909 discrepetcum
860 1827 899 1891 iis
927 1848 1009 1910 quae
1037 1828 1135 1911 paulo
1160 1834 1406 1895 anteanarrata

334 1940 408 1999 sunt
431 1934 513 2020 (Liu.
537 1932 581 1999 45
603 1923 636 2017 ἐξ
654 1932 780 2011 52—-103
808 1934 850 1999 48
864 1937 897 2017 ³5.
913 1934 1015 2018 5-6)
1037 1935 1131 2000 modo
1152 1936 1280 2020 prorsus
1303 1938 1405 2003 aliena

332 2042 376 2106 sii
403 2062 424 2105 a
450 2040 580 2123 Polybio
608 2039 690 2127 (Lm
713 2040 756 2105 48
779 2045 808 2122 ξ.
832 2041 934 2117 1-4;
957 2041 1034 2126 49),
1059 2041 1187 2107 Liuium
1206 2042 1312 2125 plures
1335 2065 1404 2109 eos-

334 2168 396 2235 que
430 2145 569 2212 diuersos
602 2144 705 2211 fontes
737 2144 918 2211 adhibuisse
946 2167 1072 2212 necesse
1100 2153 1148 2212 est
1174 2153 1212 2211 ut
1237 2154 1403 2215 anunm.

334 2260 432 2343 atque
453 2254 576 2317 initium
599 2251 869 2339 quidempugnae
889 2252 1050 2337 ePolybio
1073 2272 1140 2319 esse
1161 2260 1320 2338 sumptum
1339 2277 1404 2321 nou

333 2363 443 2445 potest·
460 2360 585 2442 negari3
607 2380 645 2423 ea
663 2362 772 2423 'autem
794 2375 875 2445 quae
890 2365 1037 2424 secuntur
1049 2360 1159 2424 Liuius
1168 2367 1299 2443 ‘praeter
1311 2362 1403 2447 Poly-

333 2470 422 2535 bium
445 2468 544 2533 altero
565 2466 652 2532 fonte
674 2487 749 2531 usus
771 2465 897 2531 uidetur
910 2466 1087 2531 confudisse
1100 2472 1197 2555 atqua
1211 2466 1403 2546 obscurasse,

333 2574 439 2639 omnia
461 2572 596 2658 denique
623 2591 705 2659 quae
726 2570 896 2636 abhorrent
917 2593 938 2636 a
958 2571 1088 2657 Polybio
1109 2573 1223 2639 debere
1244 2574 1404 2640 annalium

333 2804 547 2817 Μ

441 2926 464 2992 'i'
488 2928 599 2978 Primum
622 2928 686 2977 cuim
710 2928 798 2978 mirum
816 2930 853 2977 est
871 2907 946 2993 quod,
965 2940 1115 2993 quamquam
1132 2932 1207 2980 antea
1224 2930 1293 2981 unia
1310 2930 1402 2982 uerbo-

333 3033 387 3069 rum
409 3015 542 3067 similitudo
564 3014 620 3074 iuit
644 3014 675 3066 ab
698 3016 746 3065 lrac
773 3015 931 3081 paragrapho
957 3014 1027 3065 nulla
1052 3018 1211 3081 conspicitur.
1255 3022 1402 3084 stratagema

335 3121 393 3157 uero
409 3102 560 3157 Hannibalis
574 3104 694 3171 quomodo
708 3108 871 3169 perageretur
882 3107 963 3155 animo
978 3120 1027 3155 non
1035 3107 1176 3171 percepisse
1189 3106 1290 3163 uidetur
1306 3109 1401 3165 Liuius.

334 3211 390 3247 narn
412 3197 515 3264 praeter
533 3192 583 3245 alia
606 3208 671 3261 quae
698 3208 748 3245 non
774 3196 832 3245 sunt
855 3192 922 3245 clara
945 3192 1036 3245 uerba:
1062 3193 1112 3253 „ad
1133 3194 1245 3247 subsidia
1267 3196 1402 3249 Afrorum‘⁶

333 3284 394 3351 quid
407 3282 454 3335 sibi
467 3282 546 3333 uelint
558 3298 607 3335 non
617 3280 781 3347 intellegitur3
799 3285 913 3347 pugnant
930 3286 1014 3332 eutem
1032 3297 1088 3332 cum
1106 3282 1214 3349 Polybio
1231 3273 1322 3337 uerba:
1342 3289 1402 3347 „diu

334 3392 363 3426 ac
382 3389 457 3439 saepe
477 3370 596 3431 connisi‚“
614 3385 687 3430 „mox
706 3384 797 3421 cornua
816 3368 973 3421 extendendo
987 3354 1097 3421 clausere
1116 3374 1140 3421 et
1157 3370 1189 3421 ab
1209 3377 1279 3438 tergo
1296 3376 1400 3428 hostes“.
1443 3357 1445 3361 ⁸

334 3462 423 3513 deinde
446 3462 630 3526 praetermisso·
647 3460 748 3523 egregio
776 3456 940 3511 Hasdrubalis
966 3461 1146 3523 strategemate,
1174 3462 1241 3527 quod
1267 3468 1401 3515 maximum

333 3555 480 3603 momentum
499 3549 532 3599 sd
548 3550 677 3599 uictoriam
696 3546 806 3599 attulisse
824 3546 948 3613 Polybius
964 3547 1100 3613 praedicat,
1118 3552 1193 3615 atque
1210 3551 1305 3602 inserta
1320 3555 1345 3601 in
1364 3552 1401 3603 lo-

331 3656 390 3693 cmn
411 3641 466 3693 aius
489 3640 573 3703 inepta
593 3635 778 3701 transfugarum
799 3636 962 3687 Numidarum
981 3634 1070 3687 fabula
1091 3652 1130 3696 ea,
1153 3653 1218 3703 quse
1236 3639 1268 3691 de
1286 3641 1400 3693 Hasdru·

334 3730 391 3783 bale
407 3730 497 3782 Liuius
516 3727 606 3782 adiecit
624 3731 648 3776 ct
665 3741 730 3793 quae
748 3724 906 3777 hauddubie
923 3724 1058 3791 Polybium
1075 3726 1195 3787 redolent,
1212 3733 1263 3779 tam
1280 3735 1336 3780 sunt
1355 3730 1399 3781 ob-

333 3834 413 3877 scura,
438 3822 464 3867 ui
487 3817 534 3865 nisi
557 3820 696 3881 comparato
718 3813 826 3881 Polybio
848 3813 961 3878 intellegi
983 3829 1032 3864 non
1054 3818 1154 3880 possint.
1196 3816 1283 3869 eadem
1304 3821 1401 3870 incuria

332 3906 426 3959 facturn
449 3910 499 3957 est.
521 3910 549 3955 ut
575 3919 689 3969 pugnans
711 3919 795 3954 secum
818 3902 1001 3954 Hasdrubalem
1023 3918 1096 3969 quem
1119 3905 1243 3955 sinistrum
1265 3921 1341 3957 romu
1362 3911 1400 3957 ie-

333 3997 416 4047 nuisse
434 3978 508 4045 antea
527 3993 625 4043 dixerat
643 3992 724 4043 dextri
747 4006 824 4043 cornu
842 3990 996 4056 praefectum
1009 3993 1151 4044 nominaret.
1164 3977 1219 4043 narn
1237 3981 1303 4059 quod
1321 3995 1400 4061 Poly-

333 4084 389 4137 bius
411 4084 527 4149 exposuit
548 4080 731 4133 Hasdrubalem
753 4092 867 4146 superato
891 4080 979 4131 dextro
1001 4081 1165 4132 Romanorum
1190 4096 1265 4132 cornu
1288 4083 1401 4140 Numidis

332 4176 450 4239 segniter
463 4172 552 4225 dextro
570 4184 647 4223 cornu
669 4170 837 4236 pugnantibus
862 4168 983 4222 auxilium
1005 4168 1089 4222 tulisse
1112 4185 1300 4221 commemorare
1322 4175 1402 4223 omisit

332 4264 426 4317 Liuius.
441 4274 446 4295 ²
463 4264 522 4313 item
547 4260 704 4327 paulopost
730 4272 814 4313 secum
842 4263 966 4325 repugnat
987 4262 1010 4311 si
1031 4258 1165 4311 Aemilium
1190 4257 1298 4309 Paulum
1327 4275 1404 4325 quem

332 4352 419 4404 dextro
444 4365 520 4403 cornu
542 4352 707 4415 praepositum
731 4364 784 4401 esse
808 4348 906 4399 dixerat
927 4347 1025 4399 mediae
1042 4349 1105 4399 aciei
1122 4362 1238 4413 praeesse
1256 4354 1340 4399 narrat
1358 4356 1401 4400 aut

332 4422 431 4493 oblitm'
442 4453 637 4497 commemorare,
656 4436 722 4505 quod
740 4436 863 4504 Polybius
881 4438 1013 4496 enerrauit
1030 4434 1136 4490 Paulum
1156 4450 1200 4485 suo
1219 4450 1296 4487 cornu
1314 4438 1340 4487 in
1357 4436 1399 4487 iu-

332 4544 390 4595 garn
410 4540 484 4579 uerso
506 4528 533 4577 in
555 4526 661 4578 mediam
678 4527 756 4579 aciem
775 4541 828 4577 sese
847 4524 979 4576 contulisse
997 4528 1040 4575 aut
1058 4524 1133 4575 alium
1151 4527 1276 4575 auctorem
1293 4531 1398 4584 secutus,

331 4620 375 4684 qui
396 4622 424 4668 ut
445 4615 577 4681 Appianus
599 4615 682 4667 Hann.
709 4616 740 4667 19
758 4613 854 4666 mediae
874 4616 937 4665 aciei
955 4614 1043 4664 ducem
1056 4611 1138 4663 vfuisse
1156 4609 1289 4665 Aemilium
1307 4614 1397 4663 iamin

330 4708 400 4757 initio
418 4720 520 4771 pugrae
537 4700 686 4769 prodiderat.
