<?xml version="1.0" encoding="UTF-8"?>
<!DOCTYPE html PUBLIC "-//W3C//DTD XHTML 1.0 Transitional//EN"
    "http://www.w3.org/TR/xhtml1/DTD/xhtml1-transitional.dtd">
<html xmlns="http://www.w3.org/1999/xhtml" xml:lang="en" lang="en">
 <head>
  <title>
</title>
<meta http-equiv="Content-Type" content="text/html;charset=utf-8" />
  <meta name='ocr-system' content='tesseract 3.04.00' />
  <meta name='ocr-capabilities' content='ocr_page ocr_carea ocr_par ocr_line ocrx_word'/>
</head>
<body>
  <div class='ocr_page' id='page_1' title='image "./quibusfontibusp01buchgoog_0057.png"; bbox 0 0 3417 5567; ppageno 0'>
   <div class='ocr_carea' id='block_1_1' title="bbox 751 651 973 717">
    <p class='ocr_par' dir='ltr' id='par_1_1' title="bbox 751 651 973 717">
     <span class='ocr_line' id='line_1_1' title="bbox 751 651 973 717; baseline 0 -16"><span class='ocrx_word' id='word_1_1' title='bbox 751 651 973 717; x_wconf 61' lang='lat'>„33-</span> 
     </span>
    </p>
   </div>
   <div class='ocr_carea' id='block_1_2' title="bbox 322 860 1440 4250">
    <p class='ocr_par' dir='ltr' id='par_1_2' title="bbox 322 860 1440 4250">
     <span class='ocr_line' id='line_1_2' title="bbox 322 860 1397 933; baseline -0.004 -2"><span class='ocrx_word' id='word_1_2' title='bbox 322 871 357 933; x_wconf 91' lang='grc'>61</span> <span class='ocrx_word' id='word_1_3' title='bbox 379 863 502 933; x_wconf 83' lang='lat' dir='ltr'>Graeca</span> <span class='ocrx_word' id='word_1_4' title='bbox 523 864 557 931; x_wconf 87' lang='lat' dir='ltr'>in</span> <span class='ocrx_word' id='word_1_5' title='bbox 580 862 652 929; x_wconf 81' lang='lat' dir='ltr'>foro</span> <span class='ocrx_word' id='word_1_6' title='bbox 678 861 786 930; x_wconf 84' lang='lat' dir='ltr'>boario</span> <span class='ocrx_word' id='word_1_7' title='bbox 808 863 890 929; x_wconf 87' lang='grc'><strong>61616</strong></span> <span class='ocrx_word' id='word_1_8' title='bbox 912 861 1044 929; x_wconf 81' lang='lat' dir='ltr'>defossis</span> <span class='ocrx_word' id='word_1_9' title='bbox 1067 884 1138 929; x_wconf 90' lang='lat' dir='ltr'>cum</span> <span class='ocrx_word' id='word_1_10' title='bbox 1160 860 1248 929; x_wconf 89' lang='lat' dir='ltr'>Oros.</span> <span class='ocrx_word' id='word_1_11' title='bbox 1268 868 1302 929; x_wconf 87' lang='grc'>61</span> <span class='ocrx_word' id='word_1_12' title='bbox 1321 862 1397 929; x_wconf 89' lang='grc' dir='ltr'><strong>Ζ66.</strong></span> 
     </span>
     <span class='ocr_line' id='line_1_3' title="bbox 323 967 1397 1056; baseline 0 -21"><span class='ocrx_word' id='word_1_13' title='bbox 323 974 372 1056; x_wconf 86' lang='grc'>(61</span> <span class='ocrx_word' id='word_1_14' title='bbox 393 969 494 1035; x_wconf 88' lang='lat' dir='ltr'>Dione</span> <span class='ocrx_word' id='word_1_15' title='bbox 510 967 618 1037; x_wconf 78' lang='grc'><strong>066616</strong></span> <span class='ocrx_word' id='word_1_16' title='bbox 633 974 768 1056; x_wconf 83' lang='lat' dir='ltr'>excerpt</span> <span class='ocrx_word' id='word_1_17' title='bbox 790 968 893 1038; x_wconf 86' lang='lat' dir='ltr'>Vales.</span> <span class='ocrx_word' id='word_1_18' title='bbox 918 970 986 1055; x_wconf 77' lang='lat'>12),</span> <span class='ocrx_word' id='word_1_19' title='bbox 1009 968 1049 1033; x_wconf 93' lang='grc'>16</span> <span class='ocrx_word' id='word_1_20' title='bbox 1072 967 1147 1035; x_wconf 89' lang='lat' dir='ltr'>diris</span> <span class='ocrx_word' id='word_1_21' title='bbox 1162 967 1311 1056; x_wconf 82' lang='lat' dir='ltr'>prodigiis</span> <span class='ocrx_word' id='word_1_22' title='bbox 1325 991 1397 1035; x_wconf 87' lang='lat' dir='ltr'>cum</span> 
     </span>
     <span class='ocr_line' id='line_1_4' title="bbox 324 1073 1397 1151; baseline 0 -10"><span class='ocrx_word' id='word_1_23' title='bbox 324 1076 413 1144; x_wconf 84' lang='lat' dir='ltr'>Oros.</span> <span class='ocrx_word' id='word_1_24' title='bbox 444 1081 477 1140; x_wconf 89' lang='grc'>61</span> <span class='ocrx_word' id='word_1_25' title='bbox 497 1076 590 1151; x_wconf 88' lang='grc' dir='ltr'><strong>Ζ66.,</strong></span> <span class='ocrx_word' id='word_1_26' title='bbox 618 1073 773 1143; x_wconf 84' lang='lat' dir='ltr'>derebus</span> <span class='ocrx_word' id='word_1_27' title='bbox 795 1096 816 1138; x_wconf 95' lang='grc'>6</span> <span class='ocrx_word' id='word_1_28' title='bbox 836 1075 991 1143; x_wconf 86' lang='lat' dir='ltr'>Flaminio</span> <span class='ocrx_word' id='word_1_29' title='bbox 1013 1075 1141 1143; x_wconf 88' lang='lat' dir='ltr'>consule</span> <span class='ocrx_word' id='word_1_30' title='bbox 1163 1077 1263 1143; x_wconf 89' lang='lat' dir='ltr'>inuito</span> <span class='ocrx_word' id='word_1_31' title='bbox 1285 1082 1397 1143; x_wconf 88' lang='lat' dir='ltr'>senatu</span> 
     </span>
     <span class='ocr_line' id='line_1_5' title="bbox 323 1180 1397 1268; baseline -0.003 -18"><span class='ocrx_word' id='word_1_32' title='bbox 323 1202 473 1268; x_wconf 86' lang='lat' dir='ltr'>prospere</span> <span class='ocrx_word' id='word_1_33' title='bbox 495 1181 591 1265; x_wconf 83' lang='lat' dir='ltr'>gestis</span> <span class='ocrx_word' id='word_1_34' title='bbox 613 1181 653 1248; x_wconf 91' lang='lat' dir='ltr'>de</span> <span class='ocrx_word' id='word_1_35' title='bbox 666 1182 853 1264; x_wconf 81' lang='lat' dir='ltr'>magistratu</span> <span class='ocrx_word' id='word_1_36' title='bbox 875 1183 904 1249; x_wconf 88' lang='lat' dir='ltr'>ci</span> <span class='ocrx_word' id='word_1_37' title='bbox 925 1181 1077 1265; x_wconf 82' lang='lat' dir='ltr'>abrogato</span> <span class='ocrx_word' id='word_1_38' title='bbox 1094 1182 1253 1266; x_wconf 88' lang='lat' dir='ltr'>triumpho</span> <span class='ocrx_word' id='word_1_39' title='bbox 1270 1180 1397 1253; x_wconf 86' lang='lat' dir='ltr'>decreto</span> 
     </span>
     <span class='ocr_line' id='line_1_6' title="bbox 324 1286 1399 1371; baseline 0.002 -18"><span class='ocrx_word' id='word_1_40' title='bbox 324 1289 365 1353; x_wconf 90' lang='lat' dir='ltr'>de</span> <span class='ocrx_word' id='word_1_41' title='bbox 386 1288 469 1357; x_wconf 88' lang='lat' dir='ltr'>bello</span> <span class='ocrx_word' id='word_1_42' title='bbox 485 1309 507 1353; x_wconf 85' lang='lat' dir='ltr'>a</span> <span class='ocrx_word' id='word_1_43' title='bbox 522 1286 671 1354; x_wconf 83' lang='lat' dir='ltr'>Marcello</span> <span class='ocrx_word' id='word_1_44' title='bbox 694 1287 909 1371; x_wconf 80' lang='lat' dir='ltr'>redintegrato</span> <span class='ocrx_word' id='word_1_45' title='bbox 931 1308 1002 1355; x_wconf 89' lang='lat' dir='ltr'>oum</span> <span class='ocrx_word' id='word_1_46' title='bbox 1024 1288 1110 1365; x_wconf 69' lang='lat' dir='ltr'>Zon.5</span> <span class='ocrx_word' id='word_1_47' title='bbox 1134 1288 1174 1356; x_wconf 90' lang='lat' dir='ltr'>de</span> <span class='ocrx_word' id='word_1_48' title='bbox 1197 1288 1312 1355; x_wconf 79' lang='lat' dir='ltr'>illustri</span> <span class='ocrx_word' id='word_1_49' title='bbox 1332 1289 1399 1355; x_wconf 91' lang='grc'><strong>6166</strong></span> 
     </span>
     <span class='ocr_line' id='line_1_7' title="bbox 326 1393 1400 1478; baseline 0 -17"><span class='ocrx_word' id='word_1_50' title='bbox 326 1395 459 1461; x_wconf 85' lang='lat' dir='ltr'>uictoria</span> <span class='ocrx_word' id='word_1_51' title='bbox 468 1415 540 1460; x_wconf 92' lang='lat' dir='ltr'>cum</span> <span class='ocrx_word' id='word_1_52' title='bbox 552 1394 707 1471; x_wconf 85' lang='lat' dir='ltr'>omnibus,</span> <span class='ocrx_word' id='word_1_53' title='bbox 718 1393 758 1458; x_wconf 91' lang='grc'>16</span> <span class='ocrx_word' id='word_1_54' title='bbox 780 1393 967 1461; x_wconf 85' lang='lat' dir='ltr'>Virdomaro</span> <span class='ocrx_word' id='word_1_55' title='bbox 989 1415 1063 1478; x_wconf 87' lang='lat' dir='ltr'>rege</span> <span class='ocrx_word' id='word_1_56' title='bbox 1086 1416 1106 1461; x_wconf 90' lang='lat' dir='ltr'>a</span> <span class='ocrx_word' id='word_1_57' title='bbox 1127 1394 1276 1467; x_wconf 85' lang='lat' dir='ltr'>Marcello</span> <span class='ocrx_word' id='word_1_58' title='bbox 1298 1396 1400 1461; x_wconf 85' lang='lat' dir='ltr'>occiso</span> 
     </span>
     <span class='ocr_line' id='line_1_8' title="bbox 325 1498 1400 1583; baseline -0.001 -16"><span class='ocrx_word' id='word_1_59' title='bbox 325 1524 397 1569; x_wconf 88' lang='lat' dir='ltr'>cum</span> <span class='ocrx_word' id='word_1_60' title='bbox 417 1499 598 1583; x_wconf 81' lang='lat' dir='ltr'>Liuiiepit</span> <span class='ocrx_word' id='word_1_61' title='bbox 621 1499 701 1577; x_wconf 83' lang='lat' dir='ltr'>XX,</span> <span class='ocrx_word' id='word_1_62' title='bbox 729 1500 871 1583; x_wconf 87' lang='lat' dir='ltr'>Eutrop.,</span> <span class='ocrx_word' id='word_1_63' title='bbox 894 1498 992 1579; x_wconf 82' lang='lat' dir='ltr'>Oros,</span> <span class='ocrx_word' id='word_1_64' title='bbox 1016 1501 1056 1566; x_wconf 88' lang='lat' dir='ltr'>de</span> <span class='ocrx_word' id='word_1_65' title='bbox 1079 1500 1161 1569; x_wconf 89' lang='lat' dir='ltr'>bello</span> <span class='ocrx_word' id='word_1_66' title='bbox 1183 1502 1224 1569; x_wconf 91' lang='lat' dir='ltr'>ab</span> <span class='ocrx_word' id='word_1_67' title='bbox 1247 1501 1400 1568; x_wconf 90' lang='lat' dir='ltr'>ambobus</span> 
     </span>
     <span class='ocr_line' id='line_1_9' title="bbox 325 1604 1401 1691; baseline -0.004 -16"><span class='ocrx_word' id='word_1_68' title='bbox 325 1607 504 1677; x_wconf 86' lang='grc'><strong>6666611166</strong></span> <span class='ocrx_word' id='word_1_69' title='bbox 533 1611 662 1691; x_wconf 78' lang='lat' dir='ltr'>peracto</span> <span class='ocrx_word' id='word_1_70' title='bbox 690 1627 763 1672; x_wconf 90' lang='lat' dir='ltr'>cum</span> <span class='ocrx_word' id='word_1_71' title='bbox 790 1604 879 1687; x_wconf 79' lang='lat' dir='ltr'>Oros.</span> <span class='ocrx_word' id='word_1_72' title='bbox 909 1612 942 1677; x_wconf 97' lang='grc'>61</span> <span class='ocrx_word' id='word_1_73' title='bbox 970 1607 1045 1673; x_wconf 89' lang='grc' dir='ltr'><strong>Ζ66.</strong></span> <span class='ocrx_word' id='word_1_74' title='bbox 1074 1608 1228 1691; x_wconf 82' lang='lat' dir='ltr'>copiosius</span> <span class='ocrx_word' id='word_1_75' title='bbox 1252 1607 1401 1675; x_wconf 84' lang='lat' dir='ltr'>describit</span> 
     </span>
     <span class='ocr_line' id='line_1_10' title="bbox 323 1711 1401 1797; baseline 0 -18"><span class='ocrx_word' id='word_1_76' title='bbox 323 1716 446 1797; x_wconf 80' lang='lat' dir='ltr'>insigne</span> <span class='ocrx_word' id='word_1_77' title='bbox 460 1711 652 1780; x_wconf 84' lang='lat' dir='ltr'>fortitudinis</span> <span class='ocrx_word' id='word_1_78' title='bbox 668 1712 854 1795; x_wconf 84' lang='lat' dir='ltr'>exemplum,</span> <span class='ocrx_word' id='word_1_79' title='bbox 879 1712 963 1797; x_wconf 90' lang='lat' dir='ltr'>quod</span> <span class='ocrx_word' id='word_1_80' title='bbox 983 1712 1149 1779; x_wconf 73' lang='lat' dir='ltr'>Marcellus</span> <span class='ocrx_word' id='word_1_81' title='bbox 1163 1713 1301 1779; x_wconf 90' lang='lat' dir='ltr'>hostium</span> <span class='ocrx_word' id='word_1_82' title='bbox 1322 1714 1401 1779; x_wconf 89' lang='lat' dir='ltr'>duce</span> 
     </span>
     <span class='ocr_line' id='line_1_11' title="bbox 323 1819 1401 1908; baseline 0.002 -23"><span class='ocrx_word' id='word_1_83' title='bbox 323 1841 472 1905; x_wconf 74' lang='lat' dir='ltr'>percusso</span> <span class='ocrx_word' id='word_1_84' title='bbox 505 1819 674 1904; x_wconf 83' lang='lat' dir='ltr'>spoliisque</span> <span class='ocrx_word' id='word_1_85' title='bbox 707 1819 819 1908; x_wconf 79' lang='lat' dir='ltr'>opimis</span> <span class='ocrx_word' id='word_1_86' title='bbox 840 1840 880 1883; x_wconf 84' lang='lat' dir='ltr'>ex</span> <span class='ocrx_word' id='word_1_87' title='bbox 914 1838 951 1885; x_wconf 90' lang='lat' dir='ltr'>eo</span> <span class='ocrx_word' id='word_1_88' title='bbox 985 1819 1093 1885; x_wconf 85' lang='lat' dir='ltr'>relatis</span> <span class='ocrx_word' id='word_1_89' title='bbox 1121 1819 1270 1886; x_wconf 80' lang='lat' dir='ltr'><strong>ediderat.</strong></span> <span class='ocrx_word' id='word_1_90' title='bbox 1316 1821 1401 1887; x_wconf 89' lang='lat' dir='ltr'>solus</span> 
     </span>
     <span class='ocr_line' id='line_1_12' title="bbox 324 1913 1401 2008; baseline -0.002 -15"><span class='ocrx_word' id='word_1_91' title='bbox 324 1932 480 1997; x_wconf 85' lang='lat' dir='ltr'>memorat</span> <span class='ocrx_word' id='word_1_92' title='bbox 502 1926 558 2004; x_wconf 92' lang='lat' dir='ltr'><strong>III,</strong></span> <span class='ocrx_word' id='word_1_93' title='bbox 582 1926 624 1991; x_wconf 87' lang='grc'><strong>16</strong></span> <span class='ocrx_word' id='word_1_94' title='bbox 647 1924 825 2001; x_wconf 83' lang='lat' dir='ltr'>sacerdotes</span> <span class='ocrx_word' id='word_1_95' title='bbox 846 1913 930 1991; x_wconf 85' lang='lat' dir='ltr'>hello</span> <span class='ocrx_word' id='word_1_96' title='bbox 952 1925 1072 1992; x_wconf 81' lang='lat' dir='ltr'>Gallico</span> <span class='ocrx_word' id='word_1_97' title='bbox 1094 1924 1247 2008; x_wconf 78' lang='lat' dir='ltr'>flagrante</span> <span class='ocrx_word' id='word_1_98' title='bbox 1269 1926 1401 1993; x_wconf 78' lang='lat' dir='ltr'>militiae</span> 
     </span>
     <span class='ocr_line' id='line_1_13' title="bbox 324 2031 1401 2117; baseline -0.003 -15"><span class='ocrx_word' id='word_1_99' title='bbox 324 2036 522 2102; x_wconf 84' lang='lat' dir='ltr'>uacationem</span> <span class='ocrx_word' id='word_1_100' title='bbox 556 2054 619 2098; x_wconf 91' lang='grc'>666</span> <span class='ocrx_word' id='word_1_101' title='bbox 652 2032 799 2100; x_wconf 86' lang='grc'><strong>16161666</strong></span> <span class='ocrx_word' id='word_1_102' title='bbox 833 2053 872 2099; x_wconf 88' lang='lat' dir='ltr'>ac</span> <span class='ocrx_word' id='word_1_103' title='bbox 905 2031 997 2110; x_wconf 81' lang='lat' dir='ltr'>Vm,</span> <span class='ocrx_word' id='word_1_104' title='bbox 1036 2032 1080 2097; x_wconf 82' lang='lat'>38</span> <span class='ocrx_word' id='word_1_105' title='bbox 1115 2033 1269 2117; x_wconf 88' lang='lat' dir='ltr'>superatis</span> <span class='ocrx_word' id='word_1_106' title='bbox 1302 2032 1401 2099; x_wconf 84' lang='lat' dir='ltr'>Gallis</span> 
     </span>
     <span class='ocr_line' id='line_1_14' title="bbox 325 2136 1412 2227; baseline -0.001 -21"><span class='ocrx_word' id='word_1_107' title='bbox 325 2163 344 2206; x_wconf 91' lang='grc'>6</span> <span class='ocrx_word' id='word_1_108' title='bbox 376 2138 495 2225; x_wconf 76' lang='lat' dir='ltr'>praeda</span> <span class='ocrx_word' id='word_1_109' title='bbox 535 2138 675 2221; x_wconf 84' lang='lat' dir='ltr'>Delphos</span> <span class='ocrx_word' id='word_1_110' title='bbox 713 2142 747 2203; x_wconf 93' lang='lat' dir='ltr'>et</span> <span class='ocrx_word' id='word_1_111' title='bbox 784 2138 914 2204; x_wconf 90' lang='lat' dir='ltr'>Hieroni</span> <span class='ocrx_word' id='word_1_112' title='bbox 954 2136 1177 2223; x_wconf 80' lang='lat' dir='ltr'>Syracusarum</span> <span class='ocrx_word' id='word_1_113' title='bbox 1210 2140 1276 2223; x_wconf 84' lang='lat' dir='ltr'>regi</span> <span class='ocrx_word' id='word_1_114' title='bbox 1316 2138 1412 2227; x_wconf 87' lang='lat' dir='ltr'>dona</span> 
     </span>
     <span class='ocr_line' id='line_1_15' title="bbox 326 2243 1402 2329; baseline 0.001 -17"><span class='ocrx_word' id='word_1_115' title='bbox 326 2266 394 2313; x_wconf 87' lang='lat' dir='ltr'>esse</span> <span class='ocrx_word' id='word_1_116' title='bbox 427 2245 530 2311; x_wconf 88' lang='lat' dir='ltr'>missa</span> <span class='ocrx_word' id='word_1_117' title='bbox 587 2264 689 2328; x_wconf 89' lang='grc'><strong>66666</strong></span> <span class='ocrx_word' id='word_1_118' title='bbox 728 2265 785 2311; x_wconf 90' lang='grc'>666</span> <span class='ocrx_word' id='word_1_119' title='bbox 824 2243 982 2313; x_wconf 83' lang='lat' dir='ltr'>offendero</span> <span class='ocrx_word' id='word_1_120' title='bbox 1018 2249 1138 2329; x_wconf 88' lang='lat' dir='ltr'>potest,</span> <span class='ocrx_word' id='word_1_121' title='bbox 1176 2244 1261 2329; x_wconf 90' lang='lat' dir='ltr'>quod</span> <span class='ocrx_word' id='word_1_122' title='bbox 1297 2264 1402 2329; x_wconf 84' lang='lat' dir='ltr'>regem</span> 
     </span>
     <span class='ocr_line' id='line_1_16' title="bbox 329 2350 1401 2437; baseline 0.003 -21"><span class='ocrx_word' id='word_1_123' title='bbox 329 2350 537 2417; x_wconf 83' lang='lat' dir='ltr'>Gaesatorum</span> <span class='ocrx_word' id='word_1_124' title='bbox 569 2371 590 2414; x_wconf 92' lang='lat' dir='ltr'>a</span> <span class='ocrx_word' id='word_1_125' title='bbox 620 2350 770 2415; x_wconf 85' lang='lat' dir='ltr'>Marcello</span> <span class='ocrx_word' id='word_1_126' title='bbox 803 2350 1000 2417; x_wconf 74' lang='lat' dir='ltr'>interiectum</span> <span class='ocrx_word' id='word_1_127' title='bbox 1025 2350 1212 2419; x_wconf 69' lang='lat' dir='ltr'>Plutarchus</span> <span class='ocrx_word' id='word_1_128' title='bbox 1241 2350 1401 2437; x_wconf 79' lang='grc' dir='ltr'><em>Βριτόμα-</em></span> 
     </span>
     <span class='ocr_line' id='line_1_17' title="bbox 328 2455 1401 2543; baseline -0.003 -15"><span class='ocrx_word' id='word_1_129' title='bbox 328 2482 391 2537; x_wconf 76' lang='lat' dir='ltr'>wo,</span> <span class='ocrx_word' id='word_1_130' title='bbox 420 2476 527 2523; x_wconf 90' lang='lat' dir='ltr'>omnes</span> <span class='ocrx_word' id='word_1_131' title='bbox 555 2462 697 2524; x_wconf 86' lang='lat' dir='ltr'>auctores</span> <span class='ocrx_word' id='word_1_132' title='bbox 731 2457 865 2525; x_wconf 87' lang='lat' dir='ltr'>Romani</span> <span class='ocrx_word' id='word_1_133' title='bbox 881 2455 913 2542; x_wconf 82' lang='lat'>*)</span> <span class='ocrx_word' id='word_1_134' title='bbox 949 2455 1167 2527; x_wconf 72' lang='lat' dir='ltr'>virdomarum</span> <span class='ocrx_word' id='word_1_135' title='bbox 1201 2465 1257 2524; x_wconf 87' lang='lat' dir='ltr'>aut</span> <span class='ocrx_word' id='word_1_136' title='bbox 1289 2460 1401 2543; x_wconf 91' lang='lat' dir='ltr'>paulu·</span> 
     </span>
     <span class='ocr_line' id='line_1_18' title="bbox 328 2561 1401 2645; baseline 0 -16"><span class='ocrx_word' id='word_1_137' title='bbox 328 2563 396 2629; x_wconf 91' lang='lat' dir='ltr'>lum</span> <span class='ocrx_word' id='word_1_138' title='bbox 429 2561 641 2645; x_wconf 73' lang='lat' dir='ltr'>discrepantes</span> <span class='ocrx_word' id='word_1_139' title='bbox 680 2562 917 2640; x_wconf 68' lang='lat' dir='ltr'>vacunam,</span> <span class='ocrx_word' id='word_1_140' title='bbox 962 2562 1207 2642; x_wconf 72' lang='lat' dir='ltr'>Viridomamm,</span> <span class='ocrx_word' id='word_1_141' title='bbox 1257 2564 1401 2631; x_wconf 83' lang='lat' dir='ltr'>Viriodu-</span> 
     </span>
     <span class='ocr_line' id='line_1_19' title="bbox 328 2669 1403 2739; baseline 0.004 -4"><span class='ocrx_word' id='word_1_142' title='bbox 328 2691 452 2736; x_wconf 88' lang='lat' dir='ltr'>marum</span> <span class='ocrx_word' id='word_1_143' title='bbox 479 2670 651 2735; x_wconf 88' lang='lat' dir='ltr'>nominant.</span> <span class='ocrx_word' id='word_1_144' title='bbox 702 2690 776 2735; x_wconf 87' lang='lat' dir='ltr'>nam</span> <span class='ocrx_word' id='word_1_145' title='bbox 804 2690 918 2737; x_wconf 89' lang='lat' dir='ltr'>nomen</span> <span class='ocrx_word' id='word_1_146' title='bbox 939 2669 1018 2737; x_wconf 91' lang='lat' dir='ltr'>illud</span> <span class='ocrx_word' id='word_1_147' title='bbox 1039 2669 1208 2739; x_wconf 79' lang='lat' dir='ltr'>barbarum</span> <span class='ocrx_word' id='word_1_148' title='bbox 1230 2692 1268 2739; x_wconf 86' lang='lat' dir='ltr'>ao</span> <span class='ocrx_word' id='word_1_149' title='bbox 1291 2670 1403 2739; x_wconf 80' lang='lat' dir='ltr'>durum</span> 
     </span>
     <span class='ocr_line' id='line_1_20' title="bbox 329 2774 1402 2857; baseline 0.003 -18"><span class='ocrx_word' id='word_1_150' title='bbox 329 2796 350 2839; x_wconf 87' lang='lat' dir='ltr'>a</span> <span class='ocrx_word' id='word_1_151' title='bbox 376 2775 516 2840; x_wconf 84' lang='lat' dir='ltr'>Graecae</span> <span class='ocrx_word' id='word_1_152' title='bbox 548 2775 672 2857; x_wconf 83' lang='lat' dir='ltr'>linguae</span> <span class='ocrx_word' id='word_1_153' title='bbox 706 2774 835 2839; x_wconf 85' lang='lat' dir='ltr'>lenitate</span> <span class='ocrx_word' id='word_1_154' title='bbox 868 2775 1038 2847; x_wconf 80' lang='lat' dir='ltr'>abhorreas</span> <span class='ocrx_word' id='word_1_155' title='bbox 1067 2775 1188 2843; x_wconf 86' lang='lat' dir='ltr'>Gracco</span> <span class='ocrx_word' id='word_1_156' title='bbox 1211 2778 1258 2843; x_wconf 89' lang='lat' dir='ltr'>ori</span> <span class='ocrx_word' id='word_1_157' title='bbox 1279 2798 1402 2843; x_wconf 86' lang='lat' dir='ltr'>accom-</span> 
     </span>
     <span class='ocr_line' id='line_1_21' title="bbox 329 2881 1402 2951; baseline 0 -2"><span class='ocrx_word' id='word_1_158' title='bbox 329 2883 492 2950; x_wconf 89' lang='lat' dir='ltr'>modatum</span> <span class='ocrx_word' id='word_1_159' title='bbox 525 2881 649 2948; x_wconf 88' lang='lat' dir='ltr'>uidetur</span> <span class='ocrx_word' id='word_1_160' title='bbox 682 2902 759 2949; x_wconf 87' lang='lat' dir='ltr'>esse.</span> <span class='ocrx_word' id='word_1_161' title='bbox 804 2904 876 2949; x_wconf 91' lang='lat' dir='ltr'>cum</span> <span class='ocrx_word' id='word_1_162' title='bbox 909 2882 972 2949; x_wconf 87' lang='lat' dir='ltr'>alio</span> <span class='ocrx_word' id='word_1_163' title='bbox 1005 2889 1111 2951; x_wconf 85' lang='lat' dir='ltr'>autom</span> <span class='ocrx_word' id='word_1_164' title='bbox 1138 2882 1218 2951; x_wconf 89' lang='lat' dir='ltr'>duce</span> <span class='ocrx_word' id='word_1_165' title='bbox 1241 2883 1402 2951; x_wconf 75' lang='lat' dir='ltr'>Gallorum</span> 
     </span>
     <span class='ocr_line' id='line_1_22' title="bbox 328 2988 1401 3071; baseline 0 -16"><span class='ocrx_word' id='word_1_166' title='bbox 328 2990 533 3065; x_wconf 77' lang='lat' dir='ltr'>Brittomaro,</span> <span class='ocrx_word' id='word_1_167' title='bbox 559 3010 654 3071; x_wconf 88' lang='lat' dir='ltr'>quem</span> <span class='ocrx_word' id='word_1_168' title='bbox 682 2989 724 3055; x_wconf 90' lang='grc'>61</span> <span class='ocrx_word' id='word_1_169' title='bbox 750 2988 884 3057; x_wconf 83' lang='lat' dir='ltr'>Aemilio</span> <span class='ocrx_word' id='word_1_170' title='bbox 920 2990 1047 3057; x_wconf 85' lang='lat' dir='ltr'>consule</span> <span class='ocrx_word' id='word_1_171' title='bbox 1074 2990 1194 3058; x_wconf 87' lang='lat' dir='ltr'>uictum</span> <span class='ocrx_word' id='word_1_172' title='bbox 1221 3010 1288 3059; x_wconf 87' lang='lat' dir='ltr'>esse</span> <span class='ocrx_word' id='word_1_173' title='bbox 1317 2990 1401 3055; x_wconf 91' lang='lat' dir='ltr'>solus</span> 
     </span>
     <span class='ocr_line' id='line_1_23' title="bbox 329 3094 1398 3178; baseline -0.002 -15"><span class='ocrx_word' id='word_1_174' title='bbox 329 3097 442 3163; x_wconf 84' lang='lat' dir='ltr'>Florus</span> <span class='ocrx_word' id='word_1_175' title='bbox 462 3095 503 3173; x_wconf 89' lang='lat' dir='ltr'>Il,</span> <span class='ocrx_word' id='word_1_176' title='bbox 531 3094 553 3159; x_wconf 82' lang='lat'>4</span> <span class='ocrx_word' id='word_1_177' title='bbox 575 3094 723 3178; x_wconf 78' lang='lat' dir='ltr'>prodidit,</span> <span class='ocrx_word' id='word_1_178' title='bbox 745 3095 949 3162; x_wconf 75' lang='lat' dir='ltr'>Plutarchum</span> <span class='ocrx_word' id='word_1_179' title='bbox 970 3094 1190 3163; x_wconf 81' lang='lat' dir='ltr'>Virdomamm</span> <span class='ocrx_word' id='word_1_180' title='bbox 1212 3094 1398 3172; x_wconf 76' lang='grc'><strong>6661111666,</strong></span> 
     </span>
     <span class='ocr_line' id='line_1_24' title="bbox 330 3200 1401 3287; baseline 0.002 -20"><span class='ocrx_word' id='word_1_181' title='bbox 330 3202 416 3287; x_wconf 89' lang='grc'><strong>6661</strong></span> <span class='ocrx_word' id='word_1_182' title='bbox 444 3202 515 3285; x_wconf 90' lang='grc'><strong>6616</strong></span> <span class='ocrx_word' id='word_1_183' title='bbox 546 3201 669 3284; x_wconf 83' lang='lat' dir='ltr'>opinari</span> <span class='ocrx_word' id='word_1_184' title='bbox 695 3202 819 3284; x_wconf 63' lang='lat' dir='ltr'>possit,‘</span> <span class='ocrx_word' id='word_1_185' title='bbox 840 3200 925 3266; x_wconf 90' lang='lat' dir='ltr'>credi</span> <span class='ocrx_word' id='word_1_186' title='bbox 945 3222 1008 3267; x_wconf 89' lang='grc'>666</span> <span class='ocrx_word' id='word_1_187' title='bbox 1030 3207 1144 3285; x_wconf 85' lang='lat' dir='ltr'>potest,</span> <span class='ocrx_word' id='word_1_188' title='bbox 1169 3204 1245 3285; x_wconf 89' lang='lat' dir='ltr'>quia</span> <span class='ocrx_word' id='word_1_189' title='bbox 1265 3223 1329 3269; x_wconf 90' lang='grc'>666</span> <span class='ocrx_word' id='word_1_190' title='bbox 1351 3223 1401 3269; x_wconf 90' lang='grc' dir='ltr'>6ο-</span> 
     </span>
     <span class='ocr_line' id='line_1_25' title="bbox 330 3298 1402 3391; baseline -0.002 -16"><span class='ocrx_word' id='word_1_191' title='bbox 330 3310 396 3375; x_wconf 91' lang='lat' dir='ltr'>lum</span> <span class='ocrx_word' id='word_1_192' title='bbox 422 3309 456 3373; x_wconf 92' lang='grc'>16</span> <span class='ocrx_word' id='word_1_193' title='bbox 485 3306 567 3375; x_wconf 91' lang='lat' dir='ltr'>libro</span> <span class='ocrx_word' id='word_1_194' title='bbox 596 3328 658 3390; x_wconf 91' lang='lat' dir='ltr'>quo</span> <span class='ocrx_word' id='word_1_195' title='bbox 679 3306 740 3373; x_wconf 90' lang='lat' dir='ltr'>hoo</span> <span class='ocrx_word' id='word_1_196' title='bbox 760 3308 830 3374; x_wconf 92' lang='lat' dir='ltr'>loco</span> <span class='ocrx_word' id='word_1_197' title='bbox 852 3329 928 3373; x_wconf 90' lang='lat' dir='ltr'>usus</span> <span class='ocrx_word' id='word_1_198' title='bbox 951 3313 999 3373; x_wconf 90' lang='lat' dir='ltr'>est</span> <span class='ocrx_word' id='word_1_199' title='bbox 1021 3308 1076 3375; x_wconf 90' lang='lat' dir='ltr'>sed</span> <span class='ocrx_word' id='word_1_200' title='bbox 1099 3298 1299 3391; x_wconf 77' lang='grc'><strong>6116666661</strong></span> <span class='ocrx_word' id='word_1_201' title='bbox 1322 3307 1402 3373; x_wconf 82' lang='lat' dir='ltr'>Var-</span> 
     </span>
     <span class='ocr_line' id='line_1_26' title="bbox 329 3412 1431 3503; baseline 0.001 -21"><span class='ocrx_word' id='word_1_202' title='bbox 329 3436 447 3491; x_wconf 86' lang='lat' dir='ltr'>ronem,</span> <span class='ocrx_word' id='word_1_203' title='bbox 476 3413 532 3480; x_wconf 89' lang='lat' dir='ltr'>ubi</span> <span class='ocrx_word' id='word_1_204' title='bbox 558 3412 625 3481; x_wconf 89' lang='lat' dir='ltr'>fieri</span> <span class='ocrx_word' id='word_1_205' title='bbox 652 3434 715 3477; x_wconf 90' lang='lat' dir='ltr'>non</span> <span class='ocrx_word' id='word_1_206' title='bbox 742 3414 847 3497; x_wconf 90' lang='lat' dir='ltr'>potuit</span> <span class='ocrx_word' id='word_1_207' title='bbox 874 3418 911 3481; x_wconf 89' lang='lat' dir='ltr'>ut</span> <span class='ocrx_word' id='word_1_208' title='bbox 938 3413 1071 3482; x_wconf 90' lang='lat' dir='ltr'>duorum</span> <span class='ocrx_word' id='word_1_209' title='bbox 1093 3413 1256 3481; x_wconf 84' lang='lat' dir='ltr'>Gallorum</span> <span class='ocrx_word' id='word_1_210' title='bbox 1277 3416 1431 3503; x_wconf 19' lang='lat' dir='ltr'>nominas</span> 
     </span>
     <span class='ocr_line' id='line_1_27' title="bbox 329 3511 1402 3606; baseline -0.003 -17"><span class='ocrx_word' id='word_1_211' title='bbox 329 3520 602 3597; x_wconf 72' lang='lat' dir='ltr'>confunderemur,</span> <span class='ocrx_word' id='word_1_212' title='bbox 640 3519 726 3585; x_wconf 89' lang='lat' dir='ltr'>idem</span> <span class='ocrx_word' id='word_1_213' title='bbox 753 3540 867 3587; x_wconf 90' lang='lat' dir='ltr'>nomen</span> <span class='ocrx_word' id='word_1_214' title='bbox 896 3511 1161 3606; x_wconf 64' lang='lat' dir='ltr'>agitaretur.</span> <span class='ocrx_word' id='word_1_215' title='bbox 1190 3520 1285 3587; x_wconf 83' lang='lat' dir='ltr'>Marc</span> <span class='ocrx_word' id='word_1_216' title='bbox 1309 3522 1386 3586; x_wconf 89' lang='lat' dir='ltr'>VIII</span> <span class='ocrx_word' id='word_1_217' title='bbox 1393 3546 1402 3599; x_wconf 90' lang='lat'>;</span> 
     </span>
     <span class='ocr_line' id='line_1_28' title="bbox 330 3625 1402 3711; baseline -0.001 -17"><span class='ocrx_word' id='word_1_218' title='bbox 330 3627 454 3695; x_wconf 85' lang='lat' dir='ltr'>Romul.</span> <span class='ocrx_word' id='word_1_219' title='bbox 488 3626 579 3702; x_wconf 89' lang='lat' dir='ltr'>XVI;</span> <span class='ocrx_word' id='word_1_220' title='bbox 614 3625 698 3691; x_wconf 85' lang='lat' dir='ltr'>Fest.</span> <span class='ocrx_word' id='word_1_221' title='bbox 721 3646 751 3694; x_wconf 88' lang='lat' dir='ltr'>u.</span> <span class='ocrx_word' id='word_1_222' title='bbox 774 3627 880 3709; x_wconf 87' lang='lat' dir='ltr'>opima</span> <span class='ocrx_word' id='word_1_223' title='bbox 912 3626 1021 3709; x_wconf 88' lang='lat' dir='ltr'>spolia,</span> <span class='ocrx_word' id='word_1_224' title='bbox 1053 3647 1122 3709; x_wconf 80' lang='lat' dir='ltr'>pag.</span> <span class='ocrx_word' id='word_1_225' title='bbox 1161 3629 1224 3693; x_wconf 90' lang='grc'>186</span> <span class='ocrx_word' id='word_1_226' title='bbox 1256 3634 1288 3698; x_wconf 80' lang='lat' dir='ltr'>et</span> <span class='ocrx_word' id='word_1_227' title='bbox 1322 3649 1402 3711; x_wconf 87' lang='lat' dir='ltr'>quae</span> 
     </span>
     <span class='ocr_line' id='line_1_29' title="bbox 331 3731 1400 3821; baseline -0.002 -20"><span class='ocrx_word' id='word_1_228' title='bbox 331 3741 443 3821; x_wconf 86' lang='lat' dir='ltr'>postca</span> <span class='ocrx_word' id='word_1_229' title='bbox 464 3733 504 3799; x_wconf 89' lang='lat' dir='ltr'>de</span> <span class='ocrx_word' id='word_1_230' title='bbox 524 3733 563 3799; x_wconf 88' lang='lat' dir='ltr'>iis</span> <span class='ocrx_word' id='word_1_231' title='bbox 585 3733 661 3800; x_wconf 84' lang='lat' dir='ltr'>locis</span> <span class='ocrx_word' id='word_1_232' title='bbox 689 3734 903 3816; x_wconf 84' lang='lat' dir='ltr'>exponemus).</span> <span class='ocrx_word' id='word_1_233' title='bbox 927 3731 1048 3815; x_wconf 86' lang='lat' dir='ltr'>aliquid</span> <span class='ocrx_word' id='word_1_234' title='bbox 1061 3731 1166 3799; x_wconf 85' lang='lat' dir='ltr'>differt</span> <span class='ocrx_word' id='word_1_235' title='bbox 1180 3734 1400 3801; x_wconf 87' lang='lat' dir='ltr'>Plutarchusa</span> 
     </span>
     <span class='ocr_line' id='line_1_30' title="bbox 330 3838 1402 3924; baseline -0.003 -15"><span class='ocrx_word' id='word_1_236' title='bbox 330 3844 464 3918; x_wconf 86' lang='lat' dir='ltr'>Zonara,</span> <span class='ocrx_word' id='word_1_237' title='bbox 487 3840 541 3924; x_wconf 86' lang='lat' dir='ltr'>qui</span> <span class='ocrx_word' id='word_1_238' title='bbox 557 3860 634 3903; x_wconf 86' lang='lat' dir='ltr'>oum</span> <span class='ocrx_word' id='word_1_239' title='bbox 656 3838 785 3922; x_wconf 90' lang='lat' dir='ltr'>Polybio</span> <span class='ocrx_word' id='word_1_240' title='bbox 806 3838 848 3917; x_wconf 89' lang='lat'>11,</span> <span class='ocrx_word' id='word_1_241' title='bbox 872 3839 915 3903; x_wconf 87' lang='grc'>34</span> <span class='ocrx_word' id='word_1_242' title='bbox 949 3838 1144 3909; x_wconf 86' lang='lat' dir='ltr'>consentiens</span> <span class='ocrx_word' id='word_1_243' title='bbox 1168 3839 1266 3907; x_wconf 87' lang='lat' dir='ltr'>Gallis</span> <span class='ocrx_word' id='word_1_244' title='bbox 1294 3846 1402 3924; x_wconf 79' lang='lat' dir='ltr'>peten-</span> 
     </span>
     <span class='ocr_line' id='line_1_31' title="bbox 330 3943 1440 4040; baseline -0.002 -25"><span class='ocrx_word' id='word_1_245' title='bbox 330 3950 416 4040; x_wconf 83' lang='grc'><strong>11166</strong></span> <span class='ocrx_word' id='word_1_246' title='bbox 427 3968 537 4033; x_wconf 86' lang='lat' dir='ltr'>pacem</span> <span class='ocrx_word' id='word_1_247' title='bbox 559 3966 622 4011; x_wconf 88' lang='lat' dir='ltr'>non</span> <span class='ocrx_word' id='word_1_248' title='bbox 644 3966 712 4011; x_wconf 89' lang='grc'><strong>6666</strong></span> <span class='ocrx_word' id='word_1_249' title='bbox 739 3965 920 4011; x_wconf 85' lang='lat' dir='ltr'>concessam</span> <span class='ocrx_word' id='word_1_250' title='bbox 941 3943 1081 4023; x_wconf 82' lang='lat' dir='ltr'>tradidit,</span> <span class='ocrx_word' id='word_1_251' title='bbox 1104 3966 1174 4011; x_wconf 88' lang='lat' dir='ltr'>cum</span> <span class='ocrx_word' id='word_1_252' title='bbox 1197 3946 1272 4011; x_wconf 88' lang='lat' dir='ltr'>dicit</span> <span class='ocrx_word' id='word_1_253' title='bbox 1292 3967 1401 4031; x_wconf 88' lang='lat' dir='ltr'>paoem</span> <span class='ocrx_word' id='word_1_254' title='bbox 1436 4008 1440 4027; x_wconf 84' lang='lat'>‚</span> 
     </span>
     <span class='ocr_line' id='line_1_32' title="bbox 332 4051 1400 4140; baseline -0.002 -19"><span class='ocrx_word' id='word_1_255' title='bbox 332 4078 428 4140; x_wconf 90' lang='lat' dir='ltr'>quam</span> <span class='ocrx_word' id='word_1_256' title='bbox 465 4052 662 4118; x_wconf 81' lang='lat' dir='ltr'>dissuasisset</span> <span class='ocrx_word' id='word_1_257' title='bbox 695 4052 860 4117; x_wconf 85' lang='lat' dir='ltr'>Marcellus</span> <span class='ocrx_word' id='word_1_258' title='bbox 893 4072 927 4117; x_wconf 87' lang='lat' dir='ltr'>re</span> <span class='ocrx_word' id='word_1_259' title='bbox 977 4051 1103 4129; x_wconf 75' lang='grc'><strong>1661616,</strong></span> <span class='ocrx_word' id='word_1_260' title='bbox 1144 4074 1163 4119; x_wconf 89' lang='grc'>6</span> <span class='ocrx_word' id='word_1_261' title='bbox 1207 4052 1306 4119; x_wconf 82' lang='lat' dir='ltr'>Gallis</span> <span class='ocrx_word' id='word_1_262' title='bbox 1344 4076 1400 4119; x_wconf 89' lang='lat' dir='ltr'>au-</span> 
     </span>
     <span class='ocr_line' id='line_1_33' title="bbox 330 4154 1404 4250; baseline -0.005 -20"><span class='ocrx_word' id='word_1_263' title='bbox 330 4171 397 4230; x_wconf 81' lang='lat' dir='ltr'>tem</span> <span class='ocrx_word' id='word_1_264' title='bbox 418 4167 544 4250; x_wconf 84' lang='lat' dir='ltr'>ruptam</span> <span class='ocrx_word' id='word_1_265' title='bbox 565 4179 642 4227; x_wconf 85' lang='grc'><strong>6666.</strong></span> <span class='ocrx_word' id='word_1_266' title='bbox 665 4159 776 4242; x_wconf 86' lang='grc'><strong>666161</strong></span> <span class='ocrx_word' id='word_1_267' title='bbox 790 4180 867 4223; x_wconf 88' lang='lat' dir='ltr'>uero</span> <span class='ocrx_word' id='word_1_268' title='bbox 882 4158 972 4223; x_wconf 85' lang='lat' dir='ltr'>XXX</span> <span class='ocrx_word' id='word_1_269' title='bbox 986 4154 1073 4225; x_wconf 83' lang='lat' dir='ltr'>milia</span> <span class='ocrx_word' id='word_1_270' title='bbox 1087 4158 1296 4227; x_wconf 84' lang='lat' dir='ltr'>Geasatorum</span> <span class='ocrx_word' id='word_1_271' title='bbox 1318 4160 1404 4243; x_wconf 90' lang='lat' dir='ltr'>apud</span> 
     </span>
    </p>
   </div>
   <div class='ocr_carea' id='block_1_3' title="bbox 330 4440 1404 4853">
    <p class='ocr_par' dir='ltr' id='par_1_3' title="bbox 330 4440 1404 4853">
     <span class='ocr_line' id='line_1_34' title="bbox 439 4440 1402 4512; baseline 0 -17"><span class='ocrx_word' id='word_1_272' title='bbox 439 4444 463 4510; x_wconf 82' lang='lat'>⁸)</span> <span class='ocrx_word' id='word_1_273' title='bbox 482 4445 537 4495; x_wconf 89' lang='lat' dir='ltr'>Liu.</span> <span class='ocrx_word' id='word_1_274' title='bbox 556 4460 595 4512; x_wconf 86' lang='lat' dir='ltr'>ep.</span> <span class='ocrx_word' id='word_1_275' title='bbox 613 4444 678 4501; x_wconf 76' lang='lat' dir='ltr'>XX:</span> <span class='ocrx_word' id='word_1_276' title='bbox 701 4443 764 4495; x_wconf 89' lang='lat' dir='ltr'>Flor.</span> <span class='ocrx_word' id='word_1_277' title='bbox 783 4440 818 4503; x_wconf 85' lang='lat'>11,</span> <span class='ocrx_word' id='word_1_278' title='bbox 836 4444 865 4503; x_wconf 75' lang='lat'>43</span> <span class='ocrx_word' id='word_1_279' title='bbox 890 4442 992 4509; x_wconf 85' lang='lat' dir='ltr'>Eutrop.</span> <span class='ocrx_word' id='word_1_280' title='bbox 1011 4441 1059 4504; x_wconf 83' lang='lat'>111,</span> <span class='ocrx_word' id='word_1_281' title='bbox 1077 4443 1107 4505; x_wconf 72' lang='lat'>63</span> <span class='ocrx_word' id='word_1_282' title='bbox 1131 4441 1199 4498; x_wconf 85' lang='lat' dir='ltr'>Oros.</span> <span class='ocrx_word' id='word_1_283' title='bbox 1218 4443 1263 4505; x_wconf 82' lang='lat' dir='ltr'>IV,</span> <span class='ocrx_word' id='word_1_284' title='bbox 1283 4444 1328 4501; x_wconf 89' lang='grc'>13;</span> <span class='ocrx_word' id='word_1_285' title='bbox 1347 4444 1402 4496; x_wconf 89' lang='grc' dir='ltr'>Α6-</span> 
     </span>
     <span class='ocr_line' id='line_1_35' title="bbox 331 4532 1401 4599; baseline -0.003 -12"><span class='ocrx_word' id='word_1_286' title='bbox 331 4534 377 4587; x_wconf 88' lang='lat' dir='ltr'>rel.</span> <span class='ocrx_word' id='word_1_287' title='bbox 400 4534 463 4587; x_wconf 77' lang='lat' dir='ltr'>vat.</span> <span class='ocrx_word' id='word_1_288' title='bbox 487 4534 536 4593; x_wconf 79' lang='grc'>45;</span> <span class='ocrx_word' id='word_1_289' title='bbox 561 4534 675 4599; x_wconf 87' lang='lat' dir='ltr'>Propert.</span> <span class='ocrx_word' id='word_1_290' title='bbox 699 4532 743 4592; x_wconf 80' lang='lat' dir='ltr'>1v,</span> <span class='ocrx_word' id='word_1_291' title='bbox 768 4534 810 4591; x_wconf 88' lang='lat'>10,</span> <span class='ocrx_word' id='word_1_292' title='bbox 834 4534 881 4592; x_wconf 75' lang='lat'>413</span> <span class='ocrx_word' id='word_1_293' title='bbox 908 4532 978 4585; x_wconf 84' lang='lat' dir='ltr'>Seru.</span> <span class='ocrx_word' id='word_1_294' title='bbox 1008 4532 1040 4584; x_wconf 90' lang='lat' dir='ltr'>ad</span> <span class='ocrx_word' id='word_1_295' title='bbox 1058 4532 1121 4585; x_wconf 86' lang='lat' dir='ltr'>Aen.</span> <span class='ocrx_word' id='word_1_296' title='bbox 1140 4532 1185 4592; x_wconf 85' lang='lat' dir='ltr'>VI,</span> <span class='ocrx_word' id='word_1_297' title='bbox 1201 4533 1266 4593; x_wconf 76' lang='lat'>8563</span> <span class='ocrx_word' id='word_1_298' title='bbox 1294 4534 1357 4585; x_wconf 86' lang='lat' dir='ltr'>Fest.</span> <span class='ocrx_word' id='word_1_299' title='bbox 1376 4546 1401 4584; x_wconf 90' lang='grc'>6.</span> 
     </span>
     <span class='ocr_line' id='line_1_36' title="bbox 332 4621 1404 4691; baseline -0.004 -15"><span class='ocrx_word' id='word_1_300' title='bbox 332 4626 415 4691; x_wconf 81' lang='lat' dir='ltr'>opima</span> <span class='ocrx_word' id='word_1_301' title='bbox 437 4624 524 4691; x_wconf 80' lang='lat' dir='ltr'>spolia,</span> <span class='ocrx_word' id='word_1_302' title='bbox 543 4639 600 4689; x_wconf 79' lang='lat' dir='ltr'>pag.</span> <span class='ocrx_word' id='word_1_303' title='bbox 627 4624 676 4677; x_wconf 85' lang='grc'>186</span> <span class='ocrx_word' id='word_1_304' title='bbox 701 4621 809 4689; x_wconf 57' lang='lat' dir='ltr'>(maha</span> <span class='ocrx_word' id='word_1_305' title='bbox 828 4626 885 4672; x_wconf 81' lang='lat' dir='ltr'>acta</span> <span class='ocrx_word' id='word_1_306' title='bbox 902 4623 1017 4688; x_wconf 84' lang='lat' dir='ltr'>triumph.</span> <span class='ocrx_word' id='word_1_307' title='bbox 1037 4621 1141 4689; x_wconf 81' lang='lat' dir='ltr'>Capitol.</span> <span class='ocrx_word' id='word_1_308' title='bbox 1165 4626 1191 4674; x_wconf 90' lang='grc'>16</span> <span class='ocrx_word' id='word_1_309' title='bbox 1213 4636 1279 4689; x_wconf 85' lang='lat' dir='ltr'>corp.</span> <span class='ocrx_word' id='word_1_310' title='bbox 1298 4622 1404 4674; x_wconf 88' lang='lat' dir='ltr'>inscr.1</span> 
     </span>
     <span class='ocr_line' id='line_1_37' title="bbox 330 4715 1093 4790; baseline 0.004 -25"><span class='ocrx_word' id='word_1_311' title='bbox 330 4732 356 4782; x_wconf 89' lang='lat' dir='ltr'>p.</span> <span class='ocrx_word' id='word_1_312' title='bbox 377 4715 437 4769; x_wconf 78' lang='lat'><strong>458.</strong></span> <span class='ocrx_word' id='word_1_313' title='bbox 1089 4780 1093 4790; x_wconf 42' lang='grc' dir='ltr'>Ι</span> 
     </span>
     <span class='ocr_line' id='line_1_38' title="bbox 1178 4801 1194 4853; baseline 0 0"><span class='ocrx_word' id='word_1_314' title='bbox 1178 4801 1194 4853; x_wconf 89' lang='grc'>3</span> 
     </span>
    </p>
   </div>
   <div class='ocr_carea' id='block_1_4' title="bbox 0 0 1726 5567">
    <p class='ocr_par' dir='ltr' id='par_1_4' title="bbox 0 0 1726 5567">
     <span class='ocr_line' id='line_1_39' title="bbox 0 0 1726 5567; baseline 0 0"><span class='ocrx_word' id='word_1_315' title='bbox 0 0 1726 5567; x_wconf 95' lang='lat' dir='ltr'> </span> 
     </span>
    </p>
   </div>
  </div>
 </body>
</html>
