3417 5567
712 624 986 729 ’446-

338 863 440 930 dimus
467 864 669 930 Plutarehum
697 864 736 931 de
764 872 865 932 morte
891 866 1032 955 Marcelli
1059 870 1207 950 agentem
1235 864 1417 932 Cornelium

338 972 501 1057 Nepotem,
524 972 683 1038 Valerium
703 973 885 1052 Maximum,
900 974 1035 1051 Liuium,
1050 972 1215 1043 caesarem
1236 971 1416 1055 Augmtum

338 1083 481 1143 auctores
503 1076 657 1156 laudasse,
679 1100 844 1165 perperam
865 1085 971 1148 autem
984 1079 1068 1145 Liuii
1088 1085 1121 1145 et
1143 1062 1260 1144 Valerii
1280 1078 1416 1143 Maximi

338 1185 517 1249 testimonia
538 1184 719 1252 reddidisse.
772 1186 860 1252 cuius
881 1186 995 1252 erroris
1026 1206 1108 1270 quac
1139 1186 1235 1252 fuerit
1260 1191 1416 1251 nauseet

336 1311 412 1355 num
446 1311 554 1356 omnes
587 1312 666 1375 quos
697 1290 842 1357 laudauit
875 1297 1022 1358 auctores
1049 1292 1202 1357 euoluerit
1223 1291 1413 1357 Plutarchus

337 1397 511 1462 accuratius
533 1398 746 1482 quaerendum
768 1404 825 1464 est.
854 1419 894 1465 ae
915 1398 955 1464 de
976 1398 1102 1467 Valerio
1122 1399 1261 1464 Maximo
1283 1397 1413 1483 quidem

336 1502 401 1568 iam
433 1502 604 1588 Kempfius,
635 1504 732 1589 praef.
767 1503 841 1571 edit.
875 1504 945 1571 Val.
973 1505 1057 1570 Max.
1086 1526 1156 1589 pag.
1179 1506 1223 1570 44
1244 1507 1413 1571 annotarit

333 1604 539 1676 Plutarchum
561 1617 617 1675 aut
639 1610 793 1677 Graecum
815 1612 953 1695 aliquem
976 1611 1167 1695 scriptoram,
1190 1612 1245 1696 qui
1266 1612 1411 1677 testimo·

336 1715 422 1789 nium
455 1716 572 1781 Valerii
604 1714 643 1782 de
675 1717 799 1802 sepulto
829 1716 978 1782 Marcello
1008 1717 1209 1795 exhibuisset,
1237 1732 1302 1783 non
1323 1722 1410 1783 reeta

335 1822 524 1889 intellexisse
547 1827 603 1889 aut
623 1823 807 1889 relationem
829 1823 869 1889 de
884 1823 1053 1890 Valeriana
1073 1824 1253 1890 narratione
1275 1823 1410 1890 fortasse

335 1950 447 2013 parum
474 1934 652 1995 accuratam
680 1929 720 1996 ab
749 1930 850 1995 amieo
878 1929 1115 2014 studiorumque
1144 1928 1285 1994 adiutore
1318 1948 1409 1993 acce·

334 2042 424 2121 ptam
438 2057 502 2101 non
517 2035 684 2119 diligenter
698 2056 828 2102 excussa
845 2036 980 2101 ueritate
1001 2035 1182 2101 reddidisse.
1211 2035 1312 2100 altera
1332 2056 1409 2100 con-

334 2142 455 2209 iectura
486 2142 554 2210 iure
586 2142 703 2207 reiecta
733 2142 870 2227 priorem
900 2147 1083 2226 persecutus
1114 2140 1154 2207 U.
1188 2140 1343 2205 thlerus
1374 2141 1408 2207 11

335 2249 595 2314 commentatione
618 2270 641 2314 s.
664 2248 684 2313 l.
707 2269 777 2333 pag.
800 2249 843 2314 32
867 2248 1042 2332 suspicatus
1064 2252 1129 2313 est:
1159 2246 1291 2326 „Iubam
1313 2245 1409 2337 ἐντῇ

335 2352 543 2443 ἄρχαιολογίᾳ
563 2357 707 2445 ῥωμαικῇ
728 2355 914 2439 scriptorum
935 2353 1120 2419 Latinorum
1141 2352 1182 2419 de
1202 2358 1303 2419 morte
1320 2353 1408 2418 Mar·

335 2460 405 2525 celli
425 2462 605 2527 testimonia
626 2462 795 2545 collegisse,
811 2467 843 2529 et
864 2460 1067 2527 Plutarchum
1081 2481 1153 2526 eum
1177 2466 1318 2527 secutum
1339 2481 1408 2525 esse

334 2588 436 2652 neque
458 2590 534 2634 uero
551 2567 692 2633 diuersos
716 2574 859 2634 auctores
875 2564 1020 2633 accurata
1036 2567 1243 2632 distinxisse.“
1266 2566 1321 2631 sed
1342 2587 1408 2631 non

334 2680 418 2739 recte
446 2676 619 2759 suspicatus
648 2680 696 2740 est
722 2675 877 2741 thlerus
906 2680 1002 2759 atque
1029 2675 1179 2740 miramur
1198 2674 1239 2740 H.
1261 2673 1408 2740 Peterum

334 2802 405 2865 pag.
435 2780 476 2845 76
506 2782 572 2846 eius
601 2782 778 2865 opinionem
798 2782 990 2867 probauisse.
1034 2802 1110 2847 nam
1130 2802 1170 2845 ne
1192 2780 1317 2846 nouisse
1339 2782 1410 2865 qui-

334 2884 407 2951 dem
426 2886 531 2971 potuit
553 2885 633 2953 Iuba
654 2886 772 2952 Valerii
786 2888 916 2967 Maximi
937 2886 1091 2952 iactonrm
1112 2891 1145 2952 et
1166 2886 1321 2953 dictonrm
1341 2908 1410 2953 me-

333 2993 531 3059 morabilium
559 2993 665 3059 libros.
715 2993 827 3059 Iubam
855 2994 952 3072 enim,
982 2993 1104 3058 etiamsi
1131 3014 1193 3078 quo
1221 3014 1304 3058 anno
1325 2992 1410 3059 diem

334 3120 514 3184 supremum
543 3099 655 3165 obierit
682 3121 740 3185 pro
769 3104 855 3165 certo
884 3098 1059 3165 confirmari
1081 3120 1145 3164 non
1165 3104 1280 3183 potest,
1302 3105 1408 3166 tamen

333 3226 416 3271 anno
438 3203 482 3270 24
496 3229 526 3290 p.
543 3205 614 3271 Chr.
629 3227 660 3270 n.
673 3227 736 3271 non
750 3206 815 3272 iam
838 3207 872 3271 in
894 3206 975 3271 uiuis
996 3205 1091 3272 tuisse
1107 3211 1248 3283 constat3
1271 3207 1309 3271 cf.
1324 3206 1408 3272 Mol-

332 3311 388 3377 ler.
411 3312 523 3395 fragm.
547 3312 620 3377 hist.
644 3312 753 3377 Graec.
776 3312 833 3390 ΙΠ,
856 3311 931 3376 466.
976 3310 1135 3377 Valerium
1157 3311 1329 3377 Maximum
1350 3334 1407 3379 au-

333 3422 399 3482 tem
419 3416 1217 3502 11111111112811321.0111.11.1111111111
1239 3418 1407 3485 confecisse

331 3520 562 3588 demonstrauit
582 3522 705 3608 Kompf.
731 3522 830 3608 praef.
851 3544 922 3607 pag.
948 3523 976 3588 7.
1016 3528 1106 3609 patet
1127 3522 1244 3588 Valerii
1266 3524 1406 3591 testimo·

332 3629 419 3695 nium
447 3629 479 3694 in
506 3628 603 3693 Iubae
630 3630 763 3695 historia
791 3634 899 3717 extare
922 3650 986 3695 non
1007 3630 1157 3714 potuisse.
1202 3650 1304 3715 neque
1327 3650 1405 3716 opus

333 3740 381 3802 est
408 3734 450 3801 ad
481 3735 577 3800 alium
605 3734 760 3802 Graecum
788 3736 972 3820 scriptorem
999 3734 1175 3820 confingere,
1199 3736 1274 3824 quia
1295 3758 1335 3802 ex
1356 3738 1405 3803 in-

332 3841 420 3906 curia
442 3861 480 3905 ac
505 3839 644 3919 leuitate,
674 3862 736 3926 qua
763 3840 951 3908 Plutarchus
980 3841 1171 3908 secundariis
1196 3842 1335 3908 fontibus
1356 3844 1405 3909 ui·

333 3946 426 4012 detur
444 3967 518 4011 usus
541 3968 618 4026 esse,
641 3940 739 4014 multo
759 3946 953 4033 probabilius
974 3946 1077 4031 colligi
1098 3953 1289 4033 potestque
1311 3947 1405 4016 modo

332 4073 419 4120 anor
440 4054 493 4118 ille
517 4060 603 4119 ortus
626 4054 676 4121 sit.
707 4076 781 4120 nam
802 4060 840 4120 ut
861 4076 957 4139 supra
976 4054 1180 4139 probauimus
1202 4055 1405 4121 Plutarchum

331 4158 365 4225 11
394 4158 563 4225 scribendis
592 4160 667 4227 uitis
695 4161 821 4226 Liuium
848 4182 912 4227 uon
942 4165 1016 4226 ante
1044 4160 1151 4227 oculos
1172 4160 1328 4240 habuisse,
1350 4160 1406 4228 sed

332 4266 503 4330 sententias
534 4266 599 4331 eius
631 4284 672 4332 ex
700 4266 851 4333 memoria
876 4268 1032 4346 attulisse,
1054 4268 1131 4332 item
1151 4273 1298 4351 putamus
1321 4288 1403 4347 eum,

332 4370 457 4437 Valerio
479 4371 618 4437 Maximo
645 4376 678 4437 et
699 4371 832 4438 fortasse
854 4372 924 4438 aliis
946 4371 1126 4438 auctoribus
1147 4394 1210 4438 non
1233 4371 1334 4440 denuo
1354 4376 1403 4440 in-

332 4478 457 4563 speetis
480 4477 579 4563 probe
601 4477 728 4563 quidem
755 4478 932 4544 meminisse
960 4478 1125 4545 dissentire
1152 4482 1296 4544 auctores
1323 4479 1404 4545 inter

332 4604 366 4650 se
389 4584 428 4650 de
451 4584 572 4651 ossibus
594 4585 634 4652 ab
655 4584 831 4651 Hannibale
846 4584 978 4651 Romam
999 4586 1111 4664 missis,
1135 4586 1325 4670 singularum
1347 4608 1403 4653 au·

331 4696 396 4757 tem
421 4692 636 4757 narrationum
664 4697 806 4759 auctores
834 4690 1019 4759 contudisse.
1068 4682 1187 4777 legisse*
1202 4697 1308 4764 autem
1329 4693 1402 4759 Plu·

1549 4757 1551 4802 l
