3417 5567
748 632 967 697 ...34-

320 847 503 916 Glastidium
531 844 635 909 deleta
662 864 730 909 osse
759 843 887 911 Orosius
914 844 1025 923 refert,
1059 846 1227 913 Plutarcho
1262 854 1390 917 aucmre

319 962 425 1021 autem
451 951 481 1019 X
509 958 633 1017 tantum
654 950 800 1017 miliaco
822 952 965 1037 profecta
986 958 1068 1030 sunt,
1091 972 1155 1019 uon
1176 960 1243 1019 tarn
1264 956 1389 1022 Plutar-

318 1066 411 1131 chum
433 1082 552 1127 errasse
574 1054 787 1143 putauerimus
811 1080 906 1142 quam
928 1058 1073 1125 Orosium
1095 1078 1257 1130 caesonuu
1279 1084 1389 1128 numa

317 1192 387 1237 rom
401 1192 472 1235 oum
482 1174 550 1233 toto
566 1166 772 1231 Gaesatorum
786 1184 916 1231 numero
931 1165 1114 1231 condidisse.
1136 1186 1210 1231 uam
1230 1172 1311 1234 XXX
1328 1169 1388 1235 mi·

317 1278 361 1342 lia
372 1298 425 1341 eos
436 1274 531 1339 fuisse
541 1294 605 1338 non
616 1272 710 1338 modo
723 1272 910 1339 Plutarchus
919 1272 975 1337 sed
987 1274 1084 1338 etiam
1096 1273 1242 1359 Polybius
1261 1276 1315 1362 (Π,
1329 1277 1392 1361 34)

316 1384 454 1450 tradunt
476 1401 556 1465 quae
585 1386 744 1465 utcunque
771 1400 840 1445 sese
852 1377 972 1445 habent
986 1402 1050 1446 non
1067 1387 1140 1449 sunt
1155 1380 1387 1465 impedimento,

317 1490 480 1574 quominus
495 1508 553 1571 pro
561 1493 645 1553 certo
661 1491 818 1551 statuatur
831 1486 992 1552 Plutarchi
1006 1486 1080 1553 belli
1094 1489 1304 1575 narrationem
1318 1508 1388 1555 esse

317 1594 447 1661 eandem
470 1614 565 1677 quam
587 1614 604 1657 e
626 1592 724 1658 Fabio
746 1593 871 1657 Pictore
885 1606 1028 1658 manasse
1044 1594 1252 1676 cognouimus.
1292 1616 1388 1677 quam

316 1708 422 1767 utrum
443 1720 483 1764 ex
509 1700 608 1783 ipsius
630 1697 719 1763 Fabii
747 1698 912 1763 annalibus
935 1719 976 1763 an
998 1720 1016 1763 c
1037 1698 1129 1764 Liuio
1150 1699 1291 1764 hauserit
1312 1700 1387 1765 Plu-

316 1808 443 1874 tarchus
465 1828 504 1871 ex
526 1804 585 1871 hac
608 1804 840 1887 comparatione
856 1797 923 1869 erui
946 1826 1009 1870 non
1026 1810 1139 1889 potest.
1183 1805 1239 1873 sed
1261 1827 1332 1874 cum
1353 1808 1387 1872 in

315 1917 384 1981 uita
397 1912 489 1979 Fabii
505 1912 634 1977 Maximi
650 1911 806 1975 Pictorem
816 1916 977 1975 auctorem
998 1912 1200 1996 praecipuum
1221 1912 1317 1977 fuisse
1337 1914 1386 1980 ui-

316 2022 465 2097 derimus,
498 2020 531 2083 in
558 2023 666 2083 nostra
692 2022 798 2082 autem
826 2018 894 2081 uita
915 2016 1039 2084 Liuium
1060 2018 1256 2101 potissimum
1277 2022 1386 2085 aucto·

315 2149 382 2195 rem
409 2126 519 2191 haberi
545 2144 611 2189 non
632 2144 724 2207 posse
745 2144 819 2189 mox
840 2123 1085 2189 demonstraturi
1107 2124 1213 2202 simus,
1235 2125 1387 2193 hocloco

315 2238 417 2319 ipsum
444 2232 576 2297 Fabium
605 2230 761 2294 Pictorem
790 2234 864 2294 ante
887 2231 992 2295 oculos
1014 2229 1161 2296 habuisse
1182 2231 1385 2297 Plutarchum

315 2339 405 2407 nobis
431 2358 615 2423 persuasum
646 2340 702 2401 est.
731 2374 774 2383 -
797 2335 899 2400 eidem
921 2341 1028 2401 autem
1048 2336 1127 2401 fonti
1149 2338 1292 2421 exempla
1312 2339 1385 2403 reli-

315 2448 413 2532 gionis
437 2445 528 2510 anxie
551 2465 571 2508 a
592 2443 740 2508 Romanis
762 2442 948 2508 obseruatus
962 2446 1045 2531 (cap.
1069 2444 1113 2528 V)
1134 2466 1198 2509 non
1218 2444 1386 2516 tribuenda

314 2575 382 2619 esse
416 2558 512 2635 atque
544 2572 583 2615 ex
611 2551 680 2615 aliis
707 2548 846 2615 fontibus
874 2570 929 2627 ea,
963 2571 1044 2634 quaa
1072 2550 1113 2620 de
1139 2552 1247 2635 spoliis
1274 2552 1384 2636 opimis

313 2661 382 2726 Ioui
403 2658 543 2724 Feretrio
566 2656 717 2721 dedicatis
739 2658 820 2743 (cap.
832 2656 923 2741 VIII)
943 2656 1017 2721 liise'
1035 2656 1237 2735 dissenmtur,
1261 2664 1385 2742 sumpta

314 2787 381 2833 esse
401 2765 493 2831 facile
514 2762 711 2845 Intellegitur.
1158 2845 1161 2858 s

418 2872 456 2936 In
485 2868 634 2954 proximis
663 2867 817 2951 capitibus
838 2873 1007 2933 nouantur
1027 2868 1151 2952 proelia
1168 2868 1251 2933 circa
1272 2867 1385 2934 Nolam

250 3029 259 3046 .
313 2977 421 3044 urbem
450 2996 470 3041 a
496 2974 644 3071 Marcello
672 2978 782 3039 contra
808 2968 1018 3040 Hannibalem
1041 2975 1213 3041 commisso.
1258 2994 1383 3060 compa-

309 3086 375 3151 rari
396 3083 547 3149 hocloco
568 3085 674 3165 potest
696 3080 779 3146 solus
799 3080 907 3146 Liuius
931 3080 1049 3159 XXIII,
1074 3081 1221 3159 15-163
1242 3082 1382 3148 42-46.

311 3192 436 3256 Liuium
466 3192 582 3264 autem,
629 3208 819 3271 quamquam
858 3187 1075 3255 similitudines
1114 3186 1266 3273 quasdam
1301 3188 1384 3253 inter

312 3318 384 3361 eum
416 3301 449 3359 et
480 3292 683 3359 Plutarchum
713 3292 906 3358 intercedere
934 3314 1048 3379 negare
1076 3295 1235 3372 uolumus,
1262 3294 1383 3360 fontem

311 3400 472 3468 Plutarchi
493 3420 557 3464 non
578 3399 674 3464 finisse
696 3399 766 3463 luce
792 3405 839 3465 est
873 3400 995 3465 clarius.
1052 3422 1126 3465 nam
1155 3406 1192 3465 ut
1223 3422 1241 3465 e
1275 3400 1382 3465 multis

312 3529 393 3595 quae
421 3507 598 3589 dismopant
627 3504 710 3570 inter
742 3525 795 3571 eos
823 3526 925 3589 pauca
951 3505 1126 3585 afferamus,
1153 3524 1221 3591 cap.
1244 3507 1274 3571 X
1295 3524 1383 3573 come

311 3615 491 3700 alloquium,
515 3633 576 3697 quo
598 3612 763 3681 Marcellus
791 3612 941 3678 Bantium
967 3598 1145 3679 Poenorum
1171 3613 1313 3702 partibus
1334 3613 1381 3680 sa·

310 3728 436 3787 nentem
468 3718 527 3785 sibi
552 3718 741 3794 conciliauit,
774 3717 867 3783 aliter
886 3718 978 3783 finxit
1000 3720 1186 3785 Plutarchus
1208 3725 1306 3804 atque
1327 3719 1381 3789 Li-

310 3831 380 3894 uius
407 3844 474 3911 cap.
504 3824 563 3902 15;
589 3844 656 3908 cap.
686 3825 741 3901 XI,
771 3825 901 3889 10-18
930 3844 970 3889 ex
998 3827 1202 3910 eruptiones
1231 3826 1381 3892 Marcello

310 3935 393 4003 sacta
415 3932 601 4016 perspicitur
623 3931 717 3996 aliam
739 3931 834 3997 trisse
856 3932 1016 4016 copiarum
1038 3933 1275 3998 collocationem
1297 3931 1381 4017 apud

310 4038 512 4104 Plutarchiun
527 4058 622 4119 quam
637 4036 721 4125 apud
742 4036 867 4103 Liuium
883 4038 925 4102 16
941 4043 970 4120 ξ.
987 4039 1024 4115 8;
1036 4058 1114 4123 cap.
1137 4038 1214 4115 XII,
1249 4039 1380 4103 10-12

309 4144 496 4211 Plutarchus
529 4144 711 4210 Marcellum
743 4151 949 4228 prouocatum
977 4144 1017 4209 ab
1045 4143 1222 4211 Hannibale
1244 4164 1381 4228 pugnam

309 4253 498 4317 detrectasse
531 4250 693 4333 siguificat,
728 4272 798 4315 cum
833 4251 942 4315 Liuius
970 4251 1014 4315 44
1037 4257 1066 4334 ἓ.
1089 4250 1177 4316 3-5
1200 4252 1381 4321 Marcellum

310 4359 471 4443 eruptione
499 4358 584 4423 facta
612 4358 759 4447 atrociter
787 4378 858 4421 cum
880 4350 1057 4422 Hannibale
1079 4377 1234 4442 pugnasse
1255 4364 1379 4434 narrum

310 4487 376 4549 cap.
404 4464 481 4541 XII,
505 4464 548 4527 14
568 4462 753 4529 Plutarchus
777 4464 862 4529 solus
885 4469 1038 4529 memorat
1059 4463 1242 4529 Marcellum
1264 4464 1380 4530 Roma-

309 4592 420 4635 norum
442 4568 563 4652 pedites
585 4570 762 4653 praelongis
785 4570 941 4635 sociorum
962 4570 1122 4636 naualium
1142 4570 1242 4637 hastis
1264 4571 1380 4637 instrue

309 4677 398 4740 uisse.
452 4674 507 4739 sed
541 4675 631 4757 longe
660 4676 784 4740 maioris
820 4676 868 4739 his
902 4675 1117 4758 discrepantiis
1149 4678 1300 4741 momenti
1331 4683 1381 4742 est
