3417 5567
752 636 1097 705 „ap-r

314 852 416 937 ipsius
449 851 609 917 Plutarchi
644 851 858 917 testimonium
894 850 968 936 (XI,
1005 849 1161 933 aaut).
1205 854 1388 933 hampost-

317 978 415 1041 quam
451 963 488 1023 ut
524 958 588 1023 iam
619 957 796 1023 monuimus
838 956 879 1022 de
916 954 1042 1025 aciebus
1079 956 1240 1021 instructis
1275 977 1296 1021 a
1333 948 1388 1019 Li·

317 1065 371 1130 uio
414 1063 600 1131 dissentiens
643 1063 838 1147 emptionem
876 1084 897 1127 a
935 1061 1087 1129 Marcello
1129 1063 1163 1129 in
1198 1063 1304 1131 hostes
1339 1061 1388 1127 fa·

318 1176 402 1237 ctam
439 1170 581 1237 narrauit
612 1170 663 1235 ita
695 1171 812 1254 pergit:
863 1173 1024 1252 Λέγοοται
1055 1166 1114 1253 γὰρ
1153 1164 1237 1254 ὑπὲρ
1274 1191 1386 1234 παντα-

315 1277 492 1359 κισχιλίοος
513 1274 703 1357 duodennio,
725 1275 909 1343 ἀποααεῒααι
929 1271 967 1340 δὲ
988 1270 1155 1358 Ῥωμαίων
1176 1271 1216 1341 οὐ
1238 1274 1388 1347 πλείονας

315 1380 340 1473 ἢ
361 1385 598 1457 nummarium.
636 1376 675 1447 ‘0
697 1379 734 1449 δὲ
756 1385 876 1466 Λίβιος
898 1377 981 1449 οὗτοι
1003 1378 1064 1464 μὲν
1086 1377 1125 1447 οὐ
1148 1380 1388 1464 διαβεβαιοῦται

314 1492 469 1573 γενέσθαι
489 1485 630 1577 μεγάλην
651 1474 747 1577 durau
767 1484 846 1555 οὐδὲ
860 1494 970 1554 neceto
982 1488 1112 1570 οεκροῦς
1133 1483 1302 1564 τοσούτους
1326 1472 1388 1553 cciv

315 1596 491 1678 πολεμίοιν,
511 1595 603 1669 κλέος
625 1590 662 1659 δὲ
676 1596 759 1678 μέγα
772 1594 952 1680 Μαρκέλλῳ
974 1592 1027 1659 καὶ
1041 1588 1210 1676 Ῥωμαίοις
1233 1590 1270 1659 ἐκ
1283 1594 1388 1659 κακῶν

314 1698 440 1787 θάρσος
467 1694 532 1767 ἀπὸ
553 1699 608 1789 cipe
635 1696 741 1787 μάχης
769 1696 890 1786 ἐκεῖνος
923 1694 1063 1783 ὑπάρξαι
1090 1696 1295 1782 θαυμαστὸν,
1324 1698 1386 1781 οὐχ

316 1803 360 1883 οἷς
383 1803 464 1893 πρὸς
485 1799 612 1890 ἄμαχον
634 1801 712 1871 οὐδὲ
731 1802 898 1895 domnoc,
920 1802 1003 1872 ἀλλά
1022 1829 1053 1870 ιι
1072 1805 1125 1871 καὶ
1148 1811 1271 1873 παθεῖν
1290 1803 1384 1874 δονά-

314 1936 414 1997 μανον
432 1912 706 1995 διαγωνιζομένοις
734 1912 901 1994 πολέμιοι.
949 1911 1088 1995 respexit
1122 1917 1228 1978 autem
1260 1913 1386 1979 Plutar-

315 2020 394 2085 chus
422 2018 464 2083 od
489 2016 559 2083 liu.
585 2014 708 2093 XXIII,
736 2017 778 2081 16
801 2021 830 2099 ξ.
854 2016 999 2081 15—16:
1023 2017 1098 2094 „uix
1120 2018 1265 2101 equidem
1286 2021 1387 2087 atesim

315 2125 472 2191 affirmare
500 2122 585 2207 quod
613 2122 740 2206 quidam
774 2128 916 2191 auctores
944 2127 1018 2187 sunt
1038 2120 1102 2188 duo
1123 2123 1211 2189 milia
1230 2130 1263 2192 et
1285 2128 1386 2193 octin-

314 2237 426 2315 gentos
459 2228 596 2295 hostium
627 2245 734 2299 caesos
765 2249 828 2295 non
861 2228 933 2311 plus
964 2228 1141 2311 quingentis
1173 2230 1386 2299 Romanorum

314 2337 447 2405 amesia.
486 2334 548 2401 sed
581 2334 647 2401 siue
678 2338 768 2401 tanta
796 2335 863 2401 siue
890 2334 991 2399 minor
1017 2334 1149 2399 matoria
1175 2335 1245 2415 fuit,
1276 2340 1385 2426 ingens

314 2466 355 2512 eo
382 2445 432 2510 die
452 2430 510 2509 'res
538 2462 575 2507 ac
602 2442 706 2508 nocio
729 2464 770 2507 an
794 2441 931 2507 maxima
951 2441 1006 2507 illo
1028 2440 1111 2508 bello
1132 2448 1222 2525 geste
1242 2445 1299 2511 sit:
1322 2470 1386 2514 non

315 2550 401 2617 rrinci
427 2549 511 2615 enim
538 2548 578 2633 ab
605 2548 782 2615 Hannibale
809 2547 1005 2614 uincentibus
1032 2547 1188 2617 difficilius
1209 2551 1269 2620 fuit
1289 2572 1385 2638 quarn

313 2664 426 2745 postea
451 2656 608 2723 mucore.“
658 2678 729 2732 cum
756 2656 851 2740 igitur
877 2677 918 2721 ne
936 2676 1107 2750 ⁸caesorum
1128 2657 1256 2740 quidem
1276 2683 1385 2729 nume-

314 2784 387 2830 rum
409 2763 463 2847 qui
483 2763 517 2827 in
540 2760 650 2849 eodem
671 2763 754 2831 Liuii
775 2764 843 2829 1000
854 2767 923 2828 erat
938 2800 981 2812 ·-
992 2782 1095 2846 neque
1115 2782 1280 2832 numerum
1301 2770 1385 2852 apud

313 2871 440 2937 Iiiuium
473 2874 653 2953 corruptum
687 2888 770 2947 esse,
803 2877 994 2952 quamquam
1025 2874 1165 2935 exhema
1196 2871 1258 2938 loci
1288 2876 1385 2943 uerba

314 2980 464 3060 conupta
485 2988 551 3044 esse
573 2976 636 3041 iam
658 2973 776 3039 dudum
799 2975 957 3057 cognitum
978 2978 1036 3052 est,
1058 2969 1311 3046 ullaeceausa
1329 3001 1386 3048 cur
1444 3047 1452 3063 ,

313 3084 507 3167 suspicemur
530 3120 573 3130 -—
605 3083 758 3167 receperit
779 3081 975 3158 Plutarchus,
1003 3086 1094 3164 patet
1121 3100 1142 3147 a
1166 3082 1257 3150 Liuio
1285 3084 1385 3153 solam

313 3190 402 3257 illam
429 3189 616 3255 sentemiam
642 3172 773 3273 petitam
800 3207 878 3264 esee,
906 3207 1069 3253 caesorum
1095 3194 1201 3255 autem
1221 3210 1385 3259 numerum

314 3319 378 3363 non
395 3296 512 3361 minus
544 3300 640 3379 quani
671 3302 807 3365 ceteram
833 3294 881 3361 rei
902 3299 1008 3378 gestae
1029 3295 1240 3364 narrationem
1262 3318 1302 3365 ex
1322 3301 1386 3367 alio

313 3402 402 3469 fonte
424 3407 550 3485 sumpta
572 3421 649 3467 esse.
705 3421 743 3468 ac
774 3400 857 3464 Liuii
884 3400 982 3468 uerba
999 3421 1043 3465 >ne
1063 3401 1236 3485 inspexisse
1259 3405 1385 3488 quidem

314 3526 387 3577 oum
408 3510 512 3575 locum
538 3509 628 3575 illum
649 3509 773 3593 scripsit
796 3508 851 3575 sed
874 3529 913 3573 ex
934 3509 1082 3581 memoria
1103 3508 1275 3577 reddidisse
1297 3512 1385 3579 uide-

314 3620 368 3684 tur
389 3614 586 3693 Plutarchus,
609 3614 684 3699 quia
698 3635 809 3699 parum
825 3619 970 3679 mactate
985 3614 1051 3679 eius
1074 3615 1262 3683 sententiam
1281 3622 1385 3684 trans-

314 3722 399 3799 tulit,
421 3721 487 3787 alia
506 3721 637 3801 addidit,
653 3722 716 3787 alia
737 3721 874 3787 iuuertit.
896 3721 1020 3788 etiamsi
1035 3726 1177 3788 extreme
1190 3721 1274 3787 Liuii
1287 3723 1386 3791 uerba

314 3849 380 3894 non
400 3827 466 3893 iam
486 3828 608 3911 integra
629 3833 713 3905 sunt,
734 3833 841 3895 tamen
864 3848 960 3911 quam
980 3829 1168 3921 sententiam
1189 3831 1387 3912 proposuerit

314 3932 427 4003 liriius
445 3954 509 3999 non
529 3938 634 4018 potest
648 3933 777 4001 dubium
791 3954 867 3999 esse.
912 3939 986 3999 erat
1000 3933 1066 4003 fere
1086 3934 1173 4000 talis:
1196 3954 1280 4011 „non
1301 3937 1386 4003 unci

314 4040 399 4107 enim
414 4038 455 4105 ab
470 4038 648 4105 Hannibale
657 4040 747 4107 uince
754 4039 798 4128 [re
815 4037 1022 4128 discelntibus
1041 4033 1196 4106 difficilius
1211 4040 1272 4105 snt
1287 4063 1383 4125 quam

314 4150 425 4231 pastea
446 4146 608 4224 uincere‚“
637 4146 718 4211 sicut
744 4145 937 4228 Madwigius,
964 4146 1084 4213 emend.
1111 4145 1180 4211 Liu.
1209 4167 1280 4231 pag.
1309 4149 1385 4227 262,

314 4270 365 4320 an.
381 4252 403 4315 2
417 4252 589 4335 proposuit.
612 4249 662 4319 ab*
682 4272 746 4335 qua
766 4250 936 4335 plurimum
957 4250 1074 4318 distme
1096 4271 1178 4335 quae
1199 4251 1386 4323 Plutarchus

314 4356 444 4426 exhibet
463 4356 661 4423 manifestum
683 4362 739 4423 est.
767 4394 812 4406 --
833 4375 935 4439 neque
962 4357 1062 4441 magis
1082 4357 1246 4441 Polybium
1267 4358 1386 4425 fontem

313 4461 475 4531 Plutarchi
501 4462 607 4543 husee,
634 4482 825 4548 quamquam
852 4463 955 4546 ipsum
977 4461 1017 4527 de
1038 4463 1087 4527 his
1109 4460 1202 4527 rebus
1226 4465 1386 4535 consulem

314 4568 405 4645 uobis
433 4589 497 4634 non
525 4568 609 4649 licet,
630 4569 716 4641 haud
739 4568 832 4635 dubie
855 4568 1011 4652 colligitur
1033 4589 1072 4638 ex
1094 4588 1132 4635 eo
1155 4568 1239 4652 quod
1260 4570 1385 4635 Plutar-

315 4676 391 4747 chio
421 4675 537 4741 iustam
564 4674 649 4761 apud
677 4674 791 4745 Nolam
812 4673 979 4746 motorium
998 4675 1180 4743 Marcellum
1203 4674 1242 4738 de
1264 4675 1385 4744 Hanni·

1144 4782 1172 4834 3*
1345 4794 1356 4836 3
