3417 5567
748 642 962 731 *W-

323 851 527 919 Plutarchum
556 852 1118 942 comparare-licet1(lriu.'XXVIl,
1148 836 1298 931 llo—163
1325 853 1393 939 25),

324 967 426 1045 atque
447 962 574 1026 Liuium
601 961 728 1045 quidem
754 961 896 1027 uidemus
917 961 981 1027 hoc
998 962 1067 1027 Ioco
1080 982 1153 1025 *non
1174 961 1277 1025 nnnns
1299 982 1394 1044 quam

273 1082 281 1091 ·
324 1072 420 1131 antea
435 1067 473 1131 in
499 1067 679 1131 uniuersum
703 1068 884 1151 conspirare
905 1090 979 1133 cum
998 1065 1393 1157 Plutanobocuuplicisque

323 1171 427 1237 famae
459 1172 594 1238 eandem
626 1194 721 1256 quam
754 1173 910 1261 probant
935 1172 1124 1238 Plutarchus
1149 1173 1307 1252 exhibere,
1339 1171 1395 1239 sed

323 1300 548 1369 nonnunquam
568 1280 614 1343 ita
635 1279 676 1344 ab
699 1301 737 1345 eo
760 1278 969 1345 incederent
980 1279 1055 1343 :eius
1068 1284 1180 1344 auctor
1200 1278 1310 1364 haberi
1330 1299 1394 1345 non

324 1386 433 1469 possit.
474 1406 519 1450 ne
540 1385 672 1451 tetriores
694 1384 919 1469 discrepantias
934 1384 1124 1449 summamus
1146 1385 1296 1451 nonnulla
1318 1384 1394 1449 affe-

323 1512 437 1569 remus,
460 1491 572 1575 quibus
592 1491 640 1555 ita
659 1512 727 1555 rem
753 1512 821 1555 esee
843 1490 1011 1557 euincituur
1046 1510 1121 1555 nam
1142 1512 1202 1574 pro
1221 1490 1395 1557 incredibili

325 1598 358 1662 ui
386 1598 456 1663 auri
482 1618 500 1661 a
524 1596 650 1681 'direpto
679 1596 815 1661 Tarento
842 1597 876 1661 in
897 1596 1058 1663 sacrarium
1091 1595 1202 1661 delati
1221 1598 1278 1684 (16
1300 1603 1331 1681 §-
1357 1598 1394 1663 a:

324 1704 467 1788 „argenti
492 1704 542 1768 uis
569 1703 678 1787 ingens
705 1703 781 1767 facti
807 1703 998 1787 amantque,
1025 1703 1097 1767 a'uri
1113 1703 1285 1774 »LXXXIII
1307 1704 1395 1769 milia

322 1810 476 1895 pondo“),
500 1829 581 1892 quae
603 1808 762 1875 Valerium
783 1807 943 1875 Antiatem
965 1815 1058 1893 qu'em
1080 1809 1279 1885 immodicum
1299 1810 1395 1877 finisse

322 1917 356 1981 in
377 1917 514 1981 numeris
528 1914 1068 1999 mrgendisssnemcigncratnedoletp
1086 1915 1274 1981 Plutarchus
1295 1918 1394 1984 mutto

322 2023 471 2089 minorem
488 2042 527 2085 ac
547 2020 789 2105 probabiliorem
808 2041 963 2088 summam
985 2020 1278 2105 enitescamus
1300 2044 1395 2107 quar·

322 2136 389 2195 tam
417 2129 542 2213 quidem
569 2134 693 2212 partem
720 2128 878 2193 Liuianae
905 2148 1059 2193 summae·
1078 2128 1184 2212 explet
1198 2127 1391 2220 ,ιᾶνηνέχθη
1483 2205 1488 2223 ¹

322 2236 399 2311 ιιεις
421 2226 457 2301 τὸ
479 2233 635 2323 δημόσιαι
655 2232 1007 2320 ιιιισχιιιιιπιιιιινται-
1035 2234 1278 2302 deindchiuius
1298 2238 1393 2321 signis

320 2364 360 2408 ac
392 2341 508 2408 tabulis
542 2342 782 2408 Tarentincnrm
814 2361 885 2406 sese
915 2340 1112 2409 abstinuisse
1141 2335 1274 2408 Fabium
1308 2343 1393 2422 (linit,

241 2442 252 2461 ⁸
321 2447 490 2524 Plutarcho
513 2453 641 2512 auctore
662 2447 777 2512 Fabius
797 2446 1000 2530 peramplius
1021 2446 1167 2521 Herculis
1185 2448 1308 2531 signum
1324 2450 1393 2516 Ro·

321 2577 406 2621 mam
428 2554 608 2640 deportabit
629 2558 662 2619 et
683 2553 831 2637 ipsesibi
853 2558 991 2619 statuam
1003 2574 1149 2621 aeneam·
1164 2536 1339 2637 mnestrem
1359 2556 1394 2622 in

322 2661 478 2747 Capitolio
504 2662 618 2745 posuit.
668 2660 798 2725 alterius
814 2660 970 2745 triumphi
989 2682 1012 2726 a
1033 2660 1131 2727 Fabio
1156 2660 1195 2727 de
1218 2662 1393 2729 Tarentinis

322 2771 385 2835 acti
418 2770 609 2834 mentionem
642 2769 720 2833 facit
751 2768 967 2847 Ριιιιιιτοιιιιιμ1
980 2788 1044 2835 non
1063 2770 1164 2834 clama
1187 2769 1304 2848 Limus,
1340 2772 1395 2855 qui

322 2876 467 2964 (XXVII,
489 2876 542 2954 20,
566 2876 602 2961 9)
624 2876 703 2940 nibil
730 2874 806 2966 (licit
822 2874 903 2939 :nisit
922 2875 1040 2953 „Fabio
1058 2875 1249 2941 *Tarentum
1266 2881 1399 2961 captum.

321 2988 393 3049 ectr
413 2982 511 3065 magis
534 3002 630 3065 quam
651 2981 769 3046 uirtute
783 2980 908 3063 gloriae*
923 2985 1028 3045 tamon
1051 2990 1152 3057 esscr‘
1192 2982 1299 3065 itaquo
1322 3005 1394 3049 cum

321 3090 397 3155 item
423 3089 495 3153 ut'
482 3109 520 3152 m
547 3091 653 3152 cetera
680 3091 772 3169 parta
802 3086 905 3151 uitae
915 3084 1103 3151 Plutarchus
1125 3091 1163 3151 et
1177 3087 1288 3154 liuius
1307 3110 1392 3156 com·

322 3196 427 3281 parati
454 3194 536 3271 sint·
533 3192 667 3258 fontem
688 3193 858 3275 utriusque
866 3192 926 3338 boc
940 3193 1009 3258 loco
1025 3192 1159 3309 cundem
1181 3192 1277 3260 tasse
1298 3201 1393 3353 atquc

322 3308 417 3368 antea
436 3300 504 3366 ueri
525 3300 716 3365 simillimum
737 3305 845 3365 est
1019 3333 1053 3356 a·
1142 3324 1157 3355 ι

337 3444 342 3451 ,
427 3406 542 3473 Similis
570 3412 636 3470 est
643 3406 753 3470 ratio
744 3428 792 3469 m
799 3406 848 3472 iis
871 3427 962 3490 quac
973 3348 1102 3473 restam.
1145 3342 1393 3475 narratiuncula-

321 3534 392 3580 rum
421 3527 500 3597 quaa
528 3532 605 3597 cap.¹
623 3511 729 3578 XXIV
757 3512 885 3579 exbibet
913 3514 1101 3579 Plutarchus
1118 3512 1228 3581 altana
1248 3517 1403 3583 uniuersa·

323 3620 458 3688 concinit
485 3640 556 3683 cum
583 3619 673 3684 Liuio
701 3618 816 3697 XXIV,
844 3620 898 3697 44,
927 3640 1116 3704 quamquam
1143 3620 1316 3706 perperam·
1331 3623 1404 3689 hcc·

321 3727 390 3792 loco
423 3729 553 3790 narrata
585 3729 634 3789 est
667 3745 687 3789 a
719 3723 907 3803 Plutarcho,
936 3725 1010 3808 quia
1037 3726 1100 3789 iam
1128 3732 1276 3809 quattuor
1304 3708 1393 3794 annis

322 3838 396 3899 ante
424 3831 595 3896 Tarentum
621 3835 748 3915 captum
774 3829 858 3895 filins
880 3822 1044 3896 consulatu
1065 3832 1190 3897 functis
1213 3839 1290 3913 erat,
1312 3834 1392 3900 alte-

321 3961 390 4005 ram
416 3938 451 4004 in
477 3937 641 4002 undeamo
668 3935 749 4002 libro
777 3936 861 4001 Liuii
888 3936 982 4001 flasse
1010 3938 1077 4002 ueri
1105 3937 1204 4004 simile
1232 3945 1289 4006 est.
1333 3964 1392 4026 pn·

320 4051 419 4131 gnant
448 4066 524 4111 uero
551 4044 635 4112 inter
662 4064 705 4122 se,
733 4042 819 4127 quod
841 4042 1074 4110 celeberrimum
1106 4045 1194 4111 illum
1225 4048 1260 4127 Q.
1298 4048 1392 4114 Fabi.

322 4174 377 4219 um
401 4151 574 4217 Maximum
606 4149 785 4214 Rullianum
817 4170 970 4233 proauum
1003 4150 1168 4216 Verrucosi
1208 4152 1393 4222 Plutarchus

322 4260 408 4338 dicit,
431 4258 540 4324 Liuius
575 4280 671 4323 auum
704 4257 825 4345 (XXX,
861 4259 928 4345 26).
988 4258 1120 4325 Fabium
1161 4258 1225 4325 filio
1268 4267 1392 4329 mortuo

321 4366 537 4453 parcntauisse
558 4371 594 4430 ut
615 4363 731 4449 prodat
752 4363 861 4430 Liuius
877 4368 1001 4430 tantum
1023 4364 1122 4442 abest
1144 4370 1180 4429 ut
1200 4363 1299 4431 filium
1319 4373 1394 4451 post

321 4479 455 4542 mortem
480 4471 580 4555 patris
607 4491 755 4555 augurem
781 4471 945 4537 inlocum
975 4472 1041 4537 eius
1075 4472 1294 4555 inauguratum
1325 4492 1392 4539 esse

320 4584 430 4647 narret
457 4576 572 4665 (XXX,
601 4577 669 4663 26).
714 4576 848 4643 Fabium
875 4576 956 4641 mira
988 4598 1059 4643 cum
1091 4577 1267 4643 constantia
1296 4583 1392 4662 atquc

323 4684 481 4753 offirmata
507 4681 672 4749 uoluntate
700 4682 835 4749 consiliis
869 4680 1030 4767 Scipionis,
1064 4682 1117 4767 qui
1146 4686 1270 4749 cautam
1301 4682 1394 4750 Fabii
