3417 5567
751 644 970 709 ...28-

330 851 439 927 ficem
447 853 570 923 moso
585 860 617 921 a
643 872 745 944 aeque
766 862 863 944 aeque
875 804 980 922 'aaa
996 851 1198 920 anasum
1220 860 1252 920 a
1273 853 1397 921 uum

328 980 346 1025 e
368 960 467 1027 Fabio
488 962 613 1029 Pictore
632 964 782 1043 hausisse,
804 963 968 1049 Polybium
987 984 1063 1028 uero
1083 964 1118 1027 in
1138 963 1199 1027 hao
1219 982 1336 1113 pugna
1339 962 1395 1027 de-

328 1066 494 1135 scribenda
516 1068 638 1154 lougius
661 1071 701 1135 ab
723 1092 760 1136 eo
782 1089 954 1144 recessura

344 1225 347 1245 ²
433 1210 562 1289 Quae
553 1234 586 1277 m
616 1210 765 1297 proximis
780 1206 955 1303 capitibus
983 1210 1170 1277 Plutarchus
1200 1212 1329 1299 exponit
1356 1208 1396 1275 de

326 1317 558 1405 perturbatione
580 1318 698 1385 Romae
720 1324 790 1385 orta
816 1320 913 1384 allato
945 1319 1053 1384 nuntio
1076 1317 1246 1384 Cannensis
1269 1319 1395 1383 calami-

327 1424 402 1488 tatis
441 1431 473 1488 et
512 1422 550 1489 de
579 1420 809 1504 emolumentis,
844 1446 924 1513 quae
950 1418 1108 1489 Hannibal
1136 1444 1153 1488 e
1181 1425 1313 1490 uictoria
1339 1425 1395 1491 illa

326 1530 509 1618 perceperit,
538 1550 596 1595 neo
624 1530 844 1620 discrepante
866 1530 957 1595 binio
981 1551 1039 1596 neo
1061 1520 1229 1614 singularia
1251 1532 1394 1596 similitu-

236 1669 239 1682 ·
327 1626 407 1699 dinis
435 1633 551 1702 indicia
577 1626 746 1725 praebent,
780 1658 797 1701 e
832 1636 945 1729 quibus
978 1636 1119 1701 hausisse
1146 1636 1349 1703 Plutarchum
1376 1661 1394 1703 e

327 1740 418 1807 Liuio
447 1742 762 1809 concludendumsit
821 1746 930 1832 itaque
952 1744 1084 1810 eandem
1106 1766 1201 1831 quam
1222 1750 1316 1810 antea
1338 1745 1394 1812 ob-

328 1847 519 1915 seruauimus
552 1851 705 1915 rationem
736 1850 819 1916 inter
849 1872 901 1916 eos
929 1851 1120 1924 intercedere
1148 1846 1309 1945 probabile
1338 1858 1393 1918 est

313 1952 453 2019 -Liuium
481 1962 587 2021 autem
614 1956 746 2023 Fabium¹
773 1956 842 2023 Pict
828 1964 929 2024 torem
957 1964 1116 2023 auctorem
1137 1956 1281 2024 habuisse
1309 1958 1394 2024 haud

327 2060 391 2125 scio
422 2082 463 2125 an
493 2063 591 2127 conici
613 2065 712 2151 possit
734 2084 773 2129 ex
796 2085 842 2142 eo,
867 2063 950 2151 quod
971 2070 1038 2128 tam
1059 2070 1203 2129 accurate
1224 2064 1333 2130 Liuius
1355 2066 1393 2131 de

327 2164 426 2232 Fabio
448 2166 570 2233 Pictore
592 2168 695 2255 legato
716 2168 854 2257 Delphos
877 2170 971 2234 misso
992 2175 1025 2234 et
1039 2169 1078 2233 de
1092 2191 1240 2257 responso
1261 2170 1394 2238 Romam

328 2274 368 2340 ab
391 2295 429 2339 eo
450 2274 550 2340 relato
573 2276 638 2359 agit
660 2274 774 2363 (XXII,
798 2275 852 2353 573
874 2274 991 2355 XXIII,
1015 2277 1081 2361 11).
1111 2276 1240 2374 insignis
1254 2278 1393 2344 Marcelli

328 2385 361 2446 et
381 2378 472 2446 Fabii
494 2380 623 2446 Maximi
646 2386 806 2470 comparat
807 2382 837 2447 io
849 2381 881 2467 *)
910 2382 1067 2472 exipsius
1090 2381 1279 2447 Plutarchi
1270 2387 1392 2469 ingenio

327 2488 476 2553 manauit
517 2494 628 2553 narrat
614 2488 768 2553 tiunculas
796 2508 871 2553 uero
900 2487 1012 2576 quibus
1038 2488 1130 2553 Fabii
1156 2489 1333 2555 humamtas
1354 2491 1393 2556 11

327 2577 479 2659 lustratur
440 2596 593 2680 ur.(oap
616 2590 690 2683 XX)
710 2578 793 2661 aliis
826 2594 1004 2661 auctoribus
1033 2616 1067 2659 se
1089 2594 1234 2659 debere
1223 2619 1290 2680 rpse
1311 2597 1392 2688 indi-

328 2722 399 2787 care
413 2701 501 2765 uidet
487 2705 538 2765 tur
552 2700 671 2767 uerbis:
694 2703 815 2785 λέγεται
836 2701 892 2784 ds}
912 2704 1008 2769 ταῦτα
1022 2725 1084 2786 peu
1106 2684 1163 2769 osio
1184 2704 1255 2792 περὶ
1277 2703 1394 2772 τούτων

329 2808 495 2909 ἱστοροῦσι.
539 2826 640 2911 neque
661 2806 769 2873 Liuius
792 2808 890 2873 ullam
914 2830 1021 2873 earum
1042 2808 1232 2874 mentionem
1253 2810 1336 2907 fecit

431 2938 531 3017 Paulo
557 2932 679 3037 longius
709 2956 919 3018 commoratur
945 2951 979 3015 in
1006 2949 1208 3034 describenda
1235 2922 1394 3035 expugna-

328 3056 413 3121 tione
436 3056 562 3123 Tarenti
585 3057 850 3145 (XXI-e-XXIH).
895 3078 932 3121 ac
953 3056 1058 3140 plures
1073 3077 1145 3124 eum
1165 3055 1225 3122 hoc
1247 3057 1315 3147 loco
1337 3080 1394 3123 au-

328 3169 429 3251 ctores
453 3164 641 3257 cousuluisse
662 3168 767 3249 patet
772 3184 812 3229 ex
835 3184 888 3241 eo,
917 3161 1002 3245 quod
1024 3162 1179 3245 duplicem
1200 3162 1239 3227 de
1266 3141 1395 3248 muliere

328 3290 410 3355 quae
436 3270 537 3335 Brutt
501 3275 593 3359 ttrum
622 3248 784 3359 quendam
811 3269 853 3362 ad
880 3268 1074 3362 prodendam
1096 3268 1205 3334 urbem
1225 3270 1396 3359 perrexisse

329 3376 442 3441 dicitur
468 3353 586 3446 famam
614 3376 720 3461 prodit
749 3377 849 3467 (ΧΧΙ,
877 3376 936 3442 23.
965 3378 1062 3446 ταῦτα
1088 3372 1150 3458 μὲν
1172 3359 1230 3443 odo
1253 3379 1285 3443 οἱ
1307 3379 1405 3454 rasa.

233 3526 239 3535 ·
329 3500 396 3549 ocos
418 3480 574 3570 γράφουσι
595 3482 669 3568 περὶ
692 3480 818 3551 τούτων
842 3480 921 3549 ἔνιοι
945 3478 980 3549 δὲ
1001 3508 1028 3546 κ.
1051 3504 1075 3545 c.
1099 3482 1154 3561 l.)
1176 3482 1231 3547 sed
1253 3482 1297 3547 ad
1316 3505 1397 3569 quos

328 3595 470 3657 auctores
497 3590 716 3685 prouooauerit
736 3567 900 3683 explorari
926 3609 989 3653 non
1014 3592 1135 3676 potest,
1165 3588 1239 3673 quia
1259 3588 1395 3677 ,Polybio

328 3718 392 3763 nou
414 3697 580 3781 superstite
602 3696 745 3780 Appiano
768 3695 884 3783 (Hann.
900 3695 957 3779 49)
981 3700 1013 3757 et
1034 3694 1156 3775 Zonara
1178 3694 1248 3781 (IX,
1270 3694 1307 3781 5)
1328 3717 1395 3762 rem

328 3803 427 3887 magis
460 3801 684 3891 attingentibus
719 3824 814 3887 quam
848 3800 1073 3885 explicantibus
1106 3821 1177 3865 oum
1210 3800 1277 3876 solo
1305 3801 1396 3869 Liuio

433 4157 458 4223 ⁴)
481 4156 643 4211 Plutarchum
666 4172 721 4223 cap.
745 4156 810 4211 XIX
826 4173 876 4219 nou
897 4157 977 4223 magis
994 4153 1092 4209 uerbis:
1114 4153 1204 4230 ὥσπερ
1221 4157 1251 4209 ἐν
1267 4160 1321 4212 τοῖς
1334 4158 1398 4230 περὶ

331 4242 412 4299 αὐτοῦ
433 4248 636 4321 γεγραμμένοις
656 4248 755 4319 ripum
774 4261 852 4313 quam
875 4261 930 4312 cap.
951 4245 1032 4298 XXII
1052 4243 1150 4295 uerbis:
1172 4241 1208 4301 ὥς
1222 4248 1253 4303 ἰν
1269 4250 1322 4301 τοῖς
1335 4246 1397 4316 περὶ
1469 4281 1471 4285 -
1564 4215 1565 4264 i

330 4336 430 4387 lastras
454 4334 603 4405 γέγραπται
621 4336 715 4400 (agitur
736 4339 841 4401 utroque
859 4333 915 4385 loco
937 4334 970 4385 ds
988 4331 1121 4398 Marcello)
1139 4348 1188 4384 non
1206 4339 1332 4387 auctorem
1348 4334 1397 4387 ali-

330 4438 405 4491 quem
426 4424 470 4491 qui
491 4422 643 4489 peculiarem
665 4424 697 4475 ds
720 4422 842 4475 Marcello
865 4422 976 4475 libabam
999 4424 1125 4488 scripserit
1145 4421 1262 4482 laudaro,
1286 4422 1331 4475 sod
1353 4437 1397 4476 nos

330 4512 362 4563 ad
380 4514 457 4577 ipsius
474 4512 552 4563 uitam
569 4511 686 4563 Marcelli
706 4513 771 4578 (cap.
789 4513 815 4574 13
834 4512 886 4570 1x·,
904 4512 980 4576 XXI)
998 4526 1117 4563 reuocare
1134 4513 1161 4562 in
1179 4516 1264 4577 aperto
1283 4515 1327 4566 cst.
1352 4510 1395 4564 sed

331 4618 363 4653 ex
382 4616 411 4653 eo
429 4600 496 4667 quod
514 4604 540 4657 in
558 4602 610 4651 uita
628 4600 699 4653 Fabii
717 4603 825 4653 Maximi
843 4600 939 4665 relegat
955 4603 1073 4653 adultam
1085 4598 1202 4653 Marcelli
1218 4598 1334 4652 concludi
1342 4603 1397 4665 pot-

330 4693 367 4739 est
390 4704 445 4740 eum
467 4691 544 4740 ultam
566 4689 682 4741 Marcelli
704 4691 774 4756 prius
797 4692 964 4756 composuisse
987 4706 1061 4757 quam
1082 4693 1160 4741 uitam
1177 4688 1256 4745 Publi.
