<?xml version="1.0" encoding="UTF-8"?>
<!DOCTYPE html PUBLIC "-//W3C//DTD XHTML 1.0 Transitional//EN"
    "http://www.w3.org/TR/xhtml1/DTD/xhtml1-transitional.dtd">
<html xmlns="http://www.w3.org/1999/xhtml" xml:lang="en" lang="en">
 <head>
  <title>
</title>
<meta http-equiv="Content-Type" content="text/html;charset=utf-8" />
  <meta name='ocr-system' content='tesseract 3.04.00' />
  <meta name='ocr-capabilities' content='ocr_page ocr_carea ocr_par ocr_line ocrx_word'/>
</head>
<body>
  <div class='ocr_page' id='page_1' title='image "./quibusfontibusp01buchgoog_0043.png"; bbox 0 0 3417 5567; ppageno 0'>
   <div class='ocr_carea' id='block_1_1' title="bbox 768 644 982 733">
    <p class='ocr_par' dir='ltr' id='par_1_1' title="bbox 768 644 982 733">
     <span class='ocr_line' id='line_1_1' title="bbox 768 644 982 733; baseline -0.005 -40"><span class='ocrx_word' id='word_1_1' title='bbox 768 644 982 733; x_wconf 26' lang='lat' dir='ltr'><strong>...pa-</strong></span> 
     </span>
    </p>
   </div>
   <div class='ocr_carea' id='block_1_2' title="bbox 344 838 1413 945">
    <p class='ocr_par' dir='ltr' id='par_1_2' title="bbox 344 838 1413 945">
     <span class='ocr_line' id='line_1_2' title="bbox 344 838 1413 945; baseline 0 -24"><span class='ocrx_word' id='word_1_2' title='bbox 344 853 547 922; x_wconf 68' lang='lat' dir='ltr'><strong>alumnum</strong></span> <span class='ocrx_word' id='word_1_3' title='bbox 576 869 757 941; x_wconf 60' lang='lat' dir='ltr'><strong>comparare</strong></span> <span class='ocrx_word' id='word_1_4' title='bbox 790 857 864 923; x_wconf 72' lang='lat' dir='ltr'><strong>uoet</strong></span> <span class='ocrx_word' id='word_1_5' title='bbox 889 858 980 945; x_wconf 59' lang='lat' dir='ltr'><strong>(mu.</strong></span> <span class='ocrx_word' id='word_1_6' title='bbox 1000 854 1138 933; x_wconf 79' lang='lat' dir='ltr'><strong>-xxvu</strong></span> <span class='ocrx_word' id='word_1_7' title='bbox 1168 838 1318 933; x_wconf 36' lang='lat' dir='ltr'><strong>rav-163</strong></span> <span class='ocrx_word' id='word_1_8' title='bbox 1345 854 1413 941; x_wconf 80' lang='lat' dir='ltr'><strong>ao).</strong></span> 
     </span>
    </p>
   </div>
   <div class='ocr_carea' id='block_1_3' title="bbox 264 962 1508 4769">
    <p class='ocr_par' dir='ltr' id='par_1_3' title="bbox 264 962 1508 3371">
     <span class='ocr_line' id='line_1_3' title="bbox 345 962 1414 1047; baseline 0 -20"><span class='ocrx_word' id='word_1_9' title='bbox 345 969 441 1047; x_wconf 80' lang='lat' dir='ltr'><strong>atque</strong></span> <span class='ocrx_word' id='word_1_10' title='bbox 467 963 594 1028; x_wconf 89' lang='lat' dir='ltr'><strong>Liuium</strong></span> <span class='ocrx_word' id='word_1_11' title='bbox 621 962 748 1046; x_wconf 76' lang='lat' dir='ltr'><strong>qiudem</strong></span> <span class='ocrx_word' id='word_1_12' title='bbox 774 963 916 1029; x_wconf 76' lang='lat' dir='ltr'><strong>ridemus</strong></span> <span class='ocrx_word' id='word_1_13' title='bbox 938 963 1001 1029; x_wconf 83' lang='lat' dir='ltr'><strong>huo</strong></span> <span class='ocrx_word' id='word_1_14' title='bbox 1018 964 1087 1028; x_wconf 88' lang='lat' dir='ltr'><strong>loco</strong></span> <span class='ocrx_word' id='word_1_15' title='bbox 1100 984 1173 1028; x_wconf 86' lang='lat' dir='ltr'><strong>non</strong></span> <span class='ocrx_word' id='word_1_16' title='bbox 1194 962 1297 1027; x_wconf 86' lang='lat' dir='ltr'><strong>minus</strong></span> <span class='ocrx_word' id='word_1_17' title='bbox 1319 983 1414 1045; x_wconf 85' lang='lat' dir='ltr'><strong>quam</strong></span> 
     </span>
     <span class='ocr_line' id='line_1_4' title="bbox 297 1067 1414 1155; baseline -0.001 -22"><span class='ocrx_word' id='word_1_18' title='bbox 297 1084 304 1093; x_wconf 88' lang='lat'>·</span> <span class='ocrx_word' id='word_1_19' title='bbox 345 1074 440 1133; x_wconf 83' lang='lat' dir='ltr'><strong>antea</strong></span> <span class='ocrx_word' id='word_1_20' title='bbox 459 1070 493 1133; x_wconf 91' lang='lat' dir='ltr'><strong>in</strong></span> <span class='ocrx_word' id='word_1_21' title='bbox 519 1068 699 1135; x_wconf 89' lang='lat' dir='ltr'><strong>uniuersum</strong></span> <span class='ocrx_word' id='word_1_22' title='bbox 723 1070 904 1153; x_wconf 81' lang='lat' dir='ltr'><strong>conspirare</strong></span> <span class='ocrx_word' id='word_1_23' title='bbox 924 1091 998 1134; x_wconf 89' lang='lat' dir='ltr'><strong>cum</strong></span> <span class='ocrx_word' id='word_1_24' title='bbox 1017 1067 1414 1155; x_wconf 76' lang='lat' dir='ltr'><strong>Plutarcho·=.duplicisque</strong></span> 
     </span>
     <span class='ocr_line' id='line_1_5' title="bbox 344 1172 1415 1263; baseline -0.001 -23"><span class='ocrx_word' id='word_1_25' title='bbox 344 1173 447 1240; x_wconf 83' lang='lat' dir='ltr'><strong>famae</strong></span> <span class='ocrx_word' id='word_1_26' title='bbox 480 1174 614 1239; x_wconf 89' lang='lat' dir='ltr'><strong>eandem</strong></span> <span class='ocrx_word' id='word_1_27' title='bbox 646 1196 741 1258; x_wconf 86' lang='lat' dir='ltr'><strong>quum</strong></span> <span class='ocrx_word' id='word_1_28' title='bbox 774 1175 930 1263; x_wconf 69' lang='lat' dir='ltr'><strong>probarit«</strong></span> <span class='ocrx_word' id='word_1_29' title='bbox 954 1173 1144 1239; x_wconf 75' lang='lat' dir='ltr'><strong>Plutarchus</strong></span> <span class='ocrx_word' id='word_1_30' title='bbox 1169 1174 1327 1252; x_wconf 83' lang='lat' dir='ltr'><strong>exhibere,</strong></span> <span class='ocrx_word' id='word_1_31' title='bbox 1358 1172 1415 1239; x_wconf 87' lang='lat' dir='ltr'><strong>sed</strong></span> 
     </span>
     <span class='ocr_line' id='line_1_6' title="bbox 343 1279 1414 1371; baseline 0 -24"><span class='ocrx_word' id='word_1_32' title='bbox 343 1303 568 1371; x_wconf 79' lang='lat' dir='ltr'><strong>nonnunquam</strong></span> <span class='ocrx_word' id='word_1_33' title='bbox 588 1282 635 1345; x_wconf 87' lang='lat' dir='ltr'><strong>its</strong></span> <span class='ocrx_word' id='word_1_34' title='bbox 655 1280 697 1346; x_wconf 87' lang='lat' dir='ltr'><strong>ab</strong></span> <span class='ocrx_word' id='word_1_35' title='bbox 719 1302 757 1347; x_wconf 90' lang='lat' dir='ltr'><strong>eo</strong></span> <span class='ocrx_word' id='word_1_36' title='bbox 780 1280 937 1346; x_wconf 72' lang='lat' dir='ltr'><strong>disoedme</strong></span> <span class='ocrx_word' id='word_1_37' title='bbox 949 1286 989 1345; x_wconf 89' lang='lat' dir='ltr'><strong>ut</strong></span> <span class='ocrx_word' id='word_1_38' title='bbox 1009 1281 1075 1345; x_wconf 85' lang='lat' dir='ltr'><strong>eius</strong></span> <span class='ocrx_word' id='word_1_39' title='bbox 1090 1286 1199 1346; x_wconf 80' lang='lat' dir='ltr'><strong>auctor</strong></span> <span class='ocrx_word' id='word_1_40' title='bbox 1220 1279 1331 1365; x_wconf 87' lang='lat' dir='ltr'><strong>haberi</strong></span> <span class='ocrx_word' id='word_1_41' title='bbox 1350 1300 1414 1347; x_wconf 86' lang='lat' dir='ltr'><strong>uon</strong></span> 
     </span>
     <span class='ocr_line' id='line_1_7' title="bbox 344 1384 1414 1471; baseline -0.001 -20"><span class='ocrx_word' id='word_1_42' title='bbox 344 1388 454 1471; x_wconf 80' lang='lat' dir='ltr'><strong>possit.</strong></span> <span class='ocrx_word' id='word_1_43' title='bbox 498 1409 539 1452; x_wconf 90' lang='lat' dir='ltr'><strong>ne</strong></span> <span class='ocrx_word' id='word_1_44' title='bbox 559 1387 692 1453; x_wconf 85' lang='lat' dir='ltr'><strong>leuiores</strong></span> <span class='ocrx_word' id='word_1_45' title='bbox 714 1386 940 1471; x_wconf 67' lang='lat' dir='ltr'><strong>discrepantias</strong></span> <span class='ocrx_word' id='word_1_46' title='bbox 954 1386 1144 1452; x_wconf 86' lang='lat' dir='ltr'><strong>cumulemus</strong></span> <span class='ocrx_word' id='word_1_47' title='bbox 1166 1386 1316 1451; x_wconf 85' lang='lat' dir='ltr'><strong>nonnulla</strong></span> <span class='ocrx_word' id='word_1_48' title='bbox 1337 1384 1414 1450; x_wconf 81' lang='lat' dir='ltr'><strong>affe-</strong></span> 
     </span>
     <span class='ocr_line' id='line_1_8' title="bbox 343 1492 1415 1577; baseline -0.001 -19"><span class='ocrx_word' id='word_1_49' title='bbox 343 1514 457 1571; x_wconf 86' lang='lat' dir='ltr'><strong>remus,</strong></span> <span class='ocrx_word' id='word_1_50' title='bbox 480 1493 592 1577; x_wconf 87' lang='lat' dir='ltr'><strong>quibus</strong></span> <span class='ocrx_word' id='word_1_51' title='bbox 612 1493 660 1557; x_wconf 81' lang='lat' dir='ltr'><strong>ita</strong></span> <span class='ocrx_word' id='word_1_52' title='bbox 679 1513 747 1557; x_wconf 89' lang='lat' dir='ltr'><strong>rem</strong></span> <span class='ocrx_word' id='word_1_53' title='bbox 773 1513 841 1557; x_wconf 89' lang='lat' dir='ltr'><strong>esse</strong></span> <span class='ocrx_word' id='word_1_54' title='bbox 864 1492 1023 1557; x_wconf 70' lang='lat' dir='ltr'><strong>eunoun.</strong></span> <span class='ocrx_word' id='word_1_55' title='bbox 1066 1512 1141 1557; x_wconf 87' lang='lat' dir='ltr'><strong>nam</strong></span> <span class='ocrx_word' id='word_1_56' title='bbox 1162 1512 1222 1576; x_wconf 91' lang='lat' dir='ltr'><strong>pro</strong></span> <span class='ocrx_word' id='word_1_57' title='bbox 1240 1492 1415 1558; x_wconf 81' lang='lat' dir='ltr'><strong>incredibili</strong></span> 
     </span>
     <span class='ocr_line' id='line_1_9' title="bbox 345 1597 1414 1685; baseline -0.002 -20"><span class='ocrx_word' id='word_1_58' title='bbox 345 1600 378 1665; x_wconf 94' lang='lat' dir='ltr'><strong>ui</strong></span> <span class='ocrx_word' id='word_1_59' title='bbox 406 1599 476 1664; x_wconf 79' lang='lat' dir='ltr'><strong>auri</strong></span> <span class='ocrx_word' id='word_1_60' title='bbox 502 1619 521 1663; x_wconf 88' lang='lat' dir='ltr'><strong>e</strong></span> <span class='ocrx_word' id='word_1_61' title='bbox 549 1598 670 1683; x_wconf 85' lang='lat' dir='ltr'><strong>direpto</strong></span> <span class='ocrx_word' id='word_1_62' title='bbox 700 1598 835 1663; x_wconf 75' lang='lat' dir='ltr'><strong>Tarento</strong></span> <span class='ocrx_word' id='word_1_63' title='bbox 862 1598 897 1662; x_wconf 91' lang='lat' dir='ltr'><strong>in</strong></span> <span class='ocrx_word' id='word_1_64' title='bbox 917 1597 1078 1663; x_wconf 74' lang='lat' dir='ltr'><strong>raerarhm</strong></span> <span class='ocrx_word' id='word_1_65' title='bbox 1107 1597 1222 1663; x_wconf 74' lang='lat' dir='ltr'><strong>delati·</strong></span> <span class='ocrx_word' id='word_1_66' title='bbox 1240 1600 1298 1685; x_wconf 87' lang='lat'><strong>(16</strong></span> <span class='ocrx_word' id='word_1_67' title='bbox 1320 1604 1351 1683; x_wconf 65' lang='grc' dir='ltr'><strong>ξ.</strong></span> <span class='ocrx_word' id='word_1_68' title='bbox 1377 1599 1414 1663; x_wconf 73' lang='lat'><strong>72:</strong></span> 
     </span>
     <span class='ocr_line' id='line_1_10' title="bbox 343 1704 1415 1789; baseline 0.001 -19"><span class='ocrx_word' id='word_1_69' title='bbox 343 1707 487 1789; x_wconf 85' lang='lat' dir='ltr'><strong>„argenti</strong></span> <span class='ocrx_word' id='word_1_70' title='bbox 512 1706 562 1770; x_wconf 88' lang='lat' dir='ltr'><strong>uis</strong></span> <span class='ocrx_word' id='word_1_71' title='bbox 590 1705 698 1789; x_wconf 86' lang='lat' dir='ltr'><strong>ingens</strong></span> <span class='ocrx_word' id='word_1_72' title='bbox 725 1704 801 1770; x_wconf 82' lang='lat' dir='ltr'><strong>facti</strong></span> <span class='ocrx_word' id='word_1_73' title='bbox 827 1705 1018 1788; x_wconf 81' lang='lat' dir='ltr'><strong>signatique,</strong></span> <span class='ocrx_word' id='word_1_74' title='bbox 1045 1705 1115 1769; x_wconf 83' lang='lat' dir='ltr'><strong>auri</strong></span> <span class='ocrx_word' id='word_1_75' title='bbox 1133 1704 1306 1770; x_wconf 70' lang='lat' dir='ltr'><strong>cmm</strong></span> <span class='ocrx_word' id='word_1_76' title='bbox 1327 1706 1415 1771; x_wconf 85' lang='lat' dir='ltr'><strong>milio</strong></span> 
     </span>
     <span class='ocr_line' id='line_1_11' title="bbox 343 1809 1415 1897; baseline 0.001 -20"><span class='ocrx_word' id='word_1_77' title='bbox 343 1812 497 1897; x_wconf 84' lang='lat' dir='ltr'><strong>pond0“),</strong></span> <span class='ocrx_word' id='word_1_78' title='bbox 520 1831 601 1894; x_wconf 83' lang='lat' dir='ltr'><strong>quae</strong></span> <span class='ocrx_word' id='word_1_79' title='bbox 624 1810 783 1877; x_wconf 88' lang='lat' dir='ltr'><strong>Valerium</strong></span> <span class='ocrx_word' id='word_1_80' title='bbox 803 1809 963 1877; x_wconf 82' lang='lat' dir='ltr'><strong>Antiatem</strong></span> <span class='ocrx_word' id='word_1_81' title='bbox 985 1818 1078 1894; x_wconf 84' lang='lat' dir='ltr'><strong>quem</strong></span> <span class='ocrx_word' id='word_1_82' title='bbox 1099 1810 1299 1884; x_wconf 71' lang='lat' dir='ltr'><strong>immodimrm</strong></span> <span class='ocrx_word' id='word_1_83' title='bbox 1318 1812 1415 1878; x_wconf 84' lang='lat' dir='ltr'><strong>fuisso</strong></span> 
     </span>
     <span class='ocr_line' id='line_1_12' title="bbox 342 1915 1414 2001; baseline 0.001 -18"><span class='ocrx_word' id='word_1_84' title='bbox 342 1920 377 1983; x_wconf 91' lang='lat' dir='ltr'><strong>in</strong></span> <span class='ocrx_word' id='word_1_85' title='bbox 397 1918 534 1983; x_wconf 89' lang='lat' dir='ltr'><strong>numeris</strong></span> <span class='ocrx_word' id='word_1_86' title='bbox 548 1916 698 2001; x_wconf 73' lang='lat' dir='ltr'><strong>augendis</strong></span> <span class='ocrx_word' id='word_1_87' title='bbox 711 1917 942 1999; x_wconf 68' lang='lat' dir='ltr'><strong>nemorignorat</strong></span> <span class='ocrx_word' id='word_1_88' title='bbox 955 1915 1088 1995; x_wconf 25' lang='lat' dir='ltr'><strong>sodoloci</strong></span> <span class='ocrx_word' id='word_1_89' title='bbox 1105 1916 1295 1983; x_wconf 85' lang='lat' dir='ltr'><strong>Plutarchus</strong></span> <span class='ocrx_word' id='word_1_90' title='bbox 1315 1918 1414 1984; x_wconf 91' lang='lat' dir='ltr'><strong>multo</strong></span> 
     </span>
     <span class='ocr_line' id='line_1_13' title="bbox 342 2020 1415 2109; baseline 0 -18"><span class='ocrx_word' id='word_1_91' title='bbox 342 2026 493 2091; x_wconf 79' lang='lat' dir='ltr'><strong>minorem</strong></span> <span class='ocrx_word' id='word_1_92' title='bbox 508 2042 547 2088; x_wconf 87' lang='lat' dir='ltr'><strong>ac</strong></span> <span class='ocrx_word' id='word_1_93' title='bbox 568 2022 809 2108; x_wconf 79' lang='lat' dir='ltr'>probabiliorem</span> <span class='ocrx_word' id='word_1_94' title='bbox 828 2042 983 2089; x_wconf 86' lang='lat' dir='ltr'><strong>summam</strong></span> <span class='ocrx_word' id='word_1_95' title='bbox 1005 2020 1242 2106; x_wconf 65' lang='lat' dir='ltr'><strong>urbibetanus</strong></span> <span class='ocrx_word' id='word_1_96' title='bbox 1259 2044 1298 2090; x_wconf 89' lang='lat' dir='ltr'><strong>ne</strong></span> <span class='ocrx_word' id='word_1_97' title='bbox 1320 2046 1415 2109; x_wconf 83' lang='lat' dir='ltr'><strong>quar-</strong></span> 
     </span>
     <span class='ocr_line' id='line_1_14' title="bbox 342 2129 1508 2225; baseline 0.002 -29"><span class='ocrx_word' id='word_1_98' title='bbox 342 2139 410 2197; x_wconf 79' lang='lat' dir='ltr'><strong>tem</strong></span> <span class='ocrx_word' id='word_1_99' title='bbox 437 2131 563 2215; x_wconf 88' lang='lat' dir='ltr'><strong>quidem</strong></span> <span class='ocrx_word' id='word_1_100' title='bbox 588 2135 713 2214; x_wconf 82' lang='lat' dir='ltr'><strong>partem</strong></span> <span class='ocrx_word' id='word_1_101' title='bbox 740 2130 898 2195; x_wconf 79' lang='lat' dir='ltr'><strong>Liuianae·</strong></span> <span class='ocrx_word' id='word_1_102' title='bbox 925 2147 1064 2196; x_wconf 88' lang='lat' dir='ltr'><strong>summae</strong></span> <span class='ocrx_word' id='word_1_103' title='bbox 1098 2130 1204 2213; x_wconf 81' lang='lat' dir='ltr'><strong>explet</strong></span> <span class='ocrx_word' id='word_1_104' title='bbox 1228 2129 1412 2221; x_wconf 73' lang='grc' dir='ltr'>(ἀνηνέχθη</span> <span class='ocrx_word' id='word_1_105' title='bbox 1504 2206 1508 2225; x_wconf 42' lang='grc'><strong><em>1</em></strong></span> 
     </span>
     <span class='ocr_line' id='line_1_15' title="bbox 342 2233 1414 2325; baseline 0 -20"><span class='ocrx_word' id='word_1_106' title='bbox 342 2238 419 2313; x_wconf 65' lang='lat' dir='ltr'><strong>(istc</strong></span> <span class='ocrx_word' id='word_1_107' title='bbox 441 2234 477 2303; x_wconf 73' lang='grc' dir='ltr'><strong>τὸ</strong></span> <span class='ocrx_word' id='word_1_108' title='bbox 499 2235 655 2325; x_wconf 80' lang='grc' dir='ltr'>δημόσιον</span> <span class='ocrx_word' id='word_1_109' title='bbox 676 2238 835 2320; x_wconf 64' lang='grc' dir='ltr'>τρισχίλια</span> <span class='ocrx_word' id='word_1_110' title='bbox 851 2233 1015 2321; x_wconf 55' lang='grc' dir='ltr'><strong>πέλωνται</strong></span> <span class='ocrx_word' id='word_1_111' title='bbox 1055 2235 1297 2303; x_wconf 80' lang='lat' dir='ltr'><strong>deinde-Liuius</strong></span> <span class='ocrx_word' id='word_1_112' title='bbox 1318 2239 1414 2323; x_wconf 83' lang='lat' dir='ltr'><strong>signia</strong></span> 
     </span>
     <span class='ocr_line' id='line_1_16' title="bbox 341 2337 1413 2423; baseline 0.001 -13"><span class='ocrx_word' id='word_1_113' title='bbox 341 2365 380 2410; x_wconf 83' lang='lat' dir='ltr'><strong>ac</strong></span> <span class='ocrx_word' id='word_1_114' title='bbox 407 2343 528 2409; x_wconf 66' lang='lat' dir='ltr'><strong>⁴tabulis</strong></span> <span class='ocrx_word' id='word_1_115' title='bbox 562 2344 802 2409; x_wconf 84' lang='lat' dir='ltr'><strong>Tarentinomm</strong></span> <span class='ocrx_word' id='word_1_116' title='bbox 834 2362 905 2409; x_wconf 85' lang='lat' dir='ltr'><strong>sese</strong></span> <span class='ocrx_word' id='word_1_117' title='bbox 936 2342 1132 2409; x_wconf 83' lang='lat' dir='ltr'><strong>abstinuisse·</strong></span> <span class='ocrx_word' id='word_1_118' title='bbox 1161 2337 1294 2409; x_wconf 80' lang='lat' dir='ltr'><strong>Fabium</strong></span> <span class='ocrx_word' id='word_1_119' title='bbox 1328 2344 1413 2423; x_wconf 80' lang='lat' dir='ltr'><strong>dicit,</strong></span> 
     </span>
     <span class='ocr_line' id='line_1_17' title="bbox 264 2444 1413 2532; baseline 0.001 -16"><span class='ocrx_word' id='word_1_120' title='bbox 264 2444 275 2463; x_wconf 64' lang='lat'>⁸</span> <span class='ocrx_word' id='word_1_121' title='bbox 341 2449 511 2527; x_wconf 79' lang='lat' dir='ltr'><strong>Plutarcho</strong></span> <span class='ocrx_word' id='word_1_122' title='bbox 532 2455 662 2514; x_wconf 87' lang='lat' dir='ltr'><strong>auctore</strong></span> <span class='ocrx_word' id='word_1_123' title='bbox 682 2448 797 2513; x_wconf 80' lang='lat' dir='ltr'><strong>lhhius</strong></span> <span class='ocrx_word' id='word_1_124' title='bbox 818 2447 1020 2531; x_wconf 51' lang='lat' dir='ltr'><strong>‘peramplum</strong></span> <span class='ocrx_word' id='word_1_125' title='bbox 1042 2447 1187 2524; x_wconf 81' lang='lat' dir='ltr'><strong>Herculis</strong></span> <span class='ocrx_word' id='word_1_126' title='bbox 1206 2450 1329 2532; x_wconf 83' lang='lat' dir='ltr'><strong>signum</strong></span> <span class='ocrx_word' id='word_1_127' title='bbox 1345 2451 1413 2517; x_wconf 59' lang='lat' dir='ltr'><strong>‘Ro-</strong></span> 
     </span>
     <span class='ocr_line' id='line_1_18' title="bbox 341 2538 1413 2643; baseline 0 -20"><span class='ocrx_word' id='word_1_128' title='bbox 341 2579 426 2623; x_wconf 84' lang='lat' dir='ltr'><strong>mam</strong></span> <span class='ocrx_word' id='word_1_129' title='bbox 448 2557 628 2643; x_wconf 86' lang='lat' dir='ltr'><strong>deportauit</strong></span> <span class='ocrx_word' id='word_1_130' title='bbox 649 2561 682 2621; x_wconf 91' lang='lat' dir='ltr'><strong>et</strong></span> <span class='ocrx_word' id='word_1_131' title='bbox 703 2556 772 2640; x_wconf 86' lang='lat' dir='ltr'><strong>ipse</strong></span> <span class='ocrx_word' id='word_1_132' title='bbox 792 2555 852 2622; x_wconf 89' lang='lat' dir='ltr'><strong>sibi</strong></span> <span class='ocrx_word' id='word_1_133' title='bbox 875 2560 1012 2621; x_wconf 73' lang='lat' dir='ltr'><strong>statum</strong></span> <span class='ocrx_word' id='word_1_134' title='bbox 1033 2575 1163 2621; x_wconf 86' lang='lat' dir='ltr'><strong>aeneam</strong></span> <span class='ocrx_word' id='word_1_135' title='bbox 1184 2538 1359 2639; x_wconf 68' lang='lat' dir='ltr'><strong>equmtrem</strong></span> <span class='ocrx_word' id='word_1_136' title='bbox 1379 2558 1413 2623; x_wconf 92' lang='lat' dir='ltr'><strong>in</strong></span> 
     </span>
     <span class='ocr_line' id='line_1_19' title="bbox 342 2662 1413 2748; baseline 0.001 -18"><span class='ocrx_word' id='word_1_137' title='bbox 342 2663 498 2748; x_wconf 77' lang='lat' dir='ltr'><strong>Capitolio</strong></span> <span class='ocrx_word' id='word_1_138' title='bbox 525 2663 638 2747; x_wconf 79' lang='lat' dir='ltr'><strong>posuit.</strong></span> <span class='ocrx_word' id='word_1_139' title='bbox 688 2663 818 2727; x_wconf 77' lang='lat' dir='ltr'><strong>alterium</strong></span> <span class='ocrx_word' id='word_1_140' title='bbox 839 2662 1032 2746; x_wconf 81' lang='lat' dir='ltr'><strong>triumphis</strong></span> <span class='ocrx_word' id='word_1_141' title='bbox 1053 2662 1152 2728; x_wconf 75' lang='lat' dir='ltr'><strong>Pshio</strong></span> <span class='ocrx_word' id='word_1_142' title='bbox 1176 2662 1215 2727; x_wconf 90' lang='lat' dir='ltr'><strong>de</strong></span> <span class='ocrx_word' id='word_1_143' title='bbox 1238 2664 1413 2731; x_wconf 81' lang='lat' dir='ltr'><strong>Tarentinis</strong></span> 
     </span>
     <span class='ocr_line' id='line_1_20' title="bbox 342 2770 1415 2856; baseline -0.001 -18"><span class='ocrx_word' id='word_1_144' title='bbox 342 2773 406 2838; x_wconf 87' lang='lat' dir='ltr'><strong>acti</strong></span> <span class='ocrx_word' id='word_1_145' title='bbox 439 2772 630 2837; x_wconf 80' lang='lat' dir='ltr'><strong>mentionem</strong></span> <span class='ocrx_word' id='word_1_146' title='bbox 662 2771 740 2835; x_wconf 85' lang='lat' dir='ltr'><strong>facit</strong></span> <span class='ocrx_word' id='word_1_147' title='bbox 770 2770 987 2849; x_wconf 56' lang='lat' dir='ltr'><strong>Plutarchum</strong></span> <span class='ocrx_word' id='word_1_148' title='bbox 1000 2789 1064 2837; x_wconf 89' lang='lat' dir='ltr'><strong>non</strong></span> <span class='ocrx_word' id='word_1_149' title='bbox 1084 2772 1184 2835; x_wconf 75' lang='lat' dir='ltr'><strong>»item</strong></span> <span class='ocrx_word' id='word_1_150' title='bbox 1207 2771 1325 2849; x_wconf 88' lang='lat' dir='ltr'><strong>Liuius,</strong></span> <span class='ocrx_word' id='word_1_151' title='bbox 1360 2772 1415 2856; x_wconf 85' lang='lat' dir='ltr'><strong>qui</strong></span> 
     </span>
     <span class='ocr_line' id='line_1_21' title="bbox 341 2876 1419 2968; baseline -0.001 -24"><span class='ocrx_word' id='word_1_152' title='bbox 341 2878 487 2966; x_wconf 82' lang='lat' dir='ltr'>(XXVII,</span> <span class='ocrx_word' id='word_1_153' title='bbox 509 2878 562 2955; x_wconf 81' lang='lat'><strong>20,</strong></span> <span class='ocrx_word' id='word_1_154' title='bbox 587 2878 622 2963; x_wconf 80' lang='grc'><strong>9)</strong></span> <span class='ocrx_word' id='word_1_155' title='bbox 644 2878 723 2942; x_wconf 88' lang='lat' dir='ltr'><strong>nihil</strong></span> <span class='ocrx_word' id='word_1_156' title='bbox 750 2876 826 2968; x_wconf 64' lang='lat' dir='ltr'><strong>put</strong></span> <span class='ocrx_word' id='word_1_157' title='bbox 842 2876 923 2941; x_wconf 79' lang='lat' dir='ltr'><strong>nisi:</strong></span> <span class='ocrx_word' id='word_1_158' title='bbox 942 2876 1060 2955; x_wconf 83' lang='lat' dir='ltr'><strong>„Fabio</strong></span> <span class='ocrx_word' id='word_1_159' title='bbox 1089 2876 1269 2943; x_wconf 69' lang='lat' dir='ltr'><strong>Tarentum&gt;</strong></span> <span class='ocrx_word' id='word_1_160' title='bbox 1287 2882 1419 2961; x_wconf 87' lang='lat' dir='ltr'><strong>captum</strong></span> 
     </span>
     <span class='ocr_line' id='line_1_22' title="bbox 341 2981 1414 3068; baseline -0.001 -17"><span class='ocrx_word' id='word_1_161' title='bbox 341 2990 414 3051; x_wconf 85' lang='lat' dir='ltr'><strong>astu</strong></span> <span class='ocrx_word' id='word_1_162' title='bbox 433 2984 532 3068; x_wconf 80' lang='lat' dir='ltr'><strong>magis</strong></span> <span class='ocrx_word' id='word_1_163' title='bbox 554 3004 651 3067; x_wconf 85' lang='lat' dir='ltr'><strong>quam</strong></span> <span class='ocrx_word' id='word_1_164' title='bbox 671 2984 790 3048; x_wconf 83' lang='lat' dir='ltr'><strong>uirtute</strong></span> <span class='ocrx_word' id='word_1_165' title='bbox 803 2981 920 3066; x_wconf 81' lang='lat' dir='ltr'><strong>glorios</strong></span> <span class='ocrx_word' id='word_1_166' title='bbox 944 2987 1049 3047; x_wconf 89' lang='lat' dir='ltr'><strong>tamen</strong></span> <span class='ocrx_word' id='word_1_167' title='bbox 1071 2991 1172 3059; x_wconf 79' lang='lat' dir='ltr'><strong>esse-‘⁶</strong></span> <span class='ocrx_word' id='word_1_168' title='bbox 1212 2984 1320 3067; x_wconf 79' lang='lat' dir='ltr'><strong>itaque</strong></span> <span class='ocrx_word' id='word_1_169' title='bbox 1343 3006 1414 3050; x_wconf 93' lang='lat' dir='ltr'><strong>cum</strong></span> 
     </span>
     <span class='ocr_line' id='line_1_23' title="bbox 341 3087 1413 3172; baseline 0 -14"><span class='ocrx_word' id='word_1_170' title='bbox 341 3093 418 3158; x_wconf 82' lang='lat' dir='ltr'><strong>item</strong></span> <span class='ocrx_word' id='word_1_171' title='bbox 444 3092 516 3155; x_wconf 82' lang='lat' dir='ltr'><strong>ut</strong></span> <span class='ocrx_word' id='word_1_172' title='bbox 502 3112 540 3155; x_wconf 78' lang='lat' dir='ltr'><strong>nn</strong></span> <span class='ocrx_word' id='word_1_173' title='bbox 567 3090 673 3153; x_wconf 88' lang='lat' dir='ltr'><strong>cetera</strong></span> <span class='ocrx_word' id='word_1_174' title='bbox 700 3093 792 3172; x_wconf 83' lang='lat' dir='ltr'><strong>parte</strong></span> <span class='ocrx_word' id='word_1_175' title='bbox 822 3088 910 3153; x_wconf 88' lang='lat' dir='ltr'><strong>uitae</strong></span> <span class='ocrx_word' id='word_1_176' title='bbox 936 3087 1123 3153; x_wconf 71' lang='lat' dir='ltr'><strong>Plutarchus</strong></span> <span class='ocrx_word' id='word_1_177' title='bbox 1145 3093 1177 3152; x_wconf 90' lang='lat' dir='ltr'><strong>et</strong></span> <span class='ocrx_word' id='word_1_178' title='bbox 1198 3088 1308 3155; x_wconf 84' lang='lat' dir='ltr'><strong>Liuius</strong></span> <span class='ocrx_word' id='word_1_179' title='bbox 1328 3110 1413 3157; x_wconf 88' lang='lat' dir='ltr'><strong>oom-</strong></span> 
     </span>
     <span class='ocr_line' id='line_1_24' title="bbox 342 3193 1414 3351; baseline 0.001 -88"><span class='ocrx_word' id='word_1_180' title='bbox 342 3198 447 3283; x_wconf 87' lang='lat' dir='ltr'><strong>parati</strong></span> <span class='ocrx_word' id='word_1_181' title='bbox 474 3195 556 3274; x_wconf 55' lang='lat' dir='ltr'><strong>siulf</strong></span> <span class='ocrx_word' id='word_1_182' title='bbox 567 3194 687 3260; x_wconf 80' lang='lat' dir='ltr'><strong>fontem</strong></span> <span class='ocrx_word' id='word_1_183' title='bbox 708 3194 873 3277; x_wconf 86' lang='lat' dir='ltr'><strong>utriusque</strong></span> <span class='ocrx_word' id='word_1_184' title='bbox 887 3193 1030 3259; x_wconf 86' lang='lat' dir='ltr'><strong>hocloco</strong></span> <span class='ocrx_word' id='word_1_185' title='bbox 1046 3195 1180 3259; x_wconf 87' lang='lat' dir='ltr'><strong>eundem</strong></span> <span class='ocrx_word' id='word_1_186' title='bbox 1201 3194 1298 3261; x_wconf 83' lang='lat' dir='ltr'><strong>fuisse</strong></span> <span class='ocrx_word' id='word_1_187' title='bbox 1318 3202 1414 3351; x_wconf 77' lang='lat' dir='ltr'><strong>atque</strong></span> 
     </span>
     <span class='ocr_line' id='line_1_25' title="bbox 342 3302 1177 3371; baseline -0.01 0"><span class='ocrx_word' id='word_1_188' title='bbox 342 3310 438 3371; x_wconf 86' lang='lat' dir='ltr'><strong>antea</strong></span> <span class='ocrx_word' id='word_1_189' title='bbox 457 3303 524 3368; x_wconf 79' lang='lat' dir='ltr'><strong>ueri</strong></span> <span class='ocrx_word' id='word_1_190' title='bbox 545 3302 736 3367; x_wconf 86' lang='lat' dir='ltr'><strong>simillimum</strong></span> <span class='ocrx_word' id='word_1_191' title='bbox 757 3307 830 3366; x_wconf 84' lang='lat' dir='ltr'><strong>est</strong></span> <span class='ocrx_word' id='word_1_192' title='bbox 1071 3343 1073 3357; x_wconf 82' lang='lat'><em>.</em></span> <span class='ocrx_word' id='word_1_193' title='bbox 1174 3328 1177 3339; x_wconf 79' lang='lat'>=</span> 
     </span>
    </p>

    <p class='ocr_par' dir='ltr' id='par_1_4' title="bbox 341 3344 1424 4769">
     <span class='ocr_line' id='line_1_26' title="bbox 358 3344 1413 3491; baseline 0.001 -16"><span class='ocrx_word' id='word_1_194' title='bbox 358 3447 362 3453; x_wconf 88' lang='lat'>·</span> <span class='ocrx_word' id='word_1_195' title='bbox 448 3409 563 3475; x_wconf 87' lang='lat' dir='ltr'><strong>Similis</strong></span> <span class='ocrx_word' id='word_1_196' title='bbox 591 3414 640 3473; x_wconf 79' lang='lat' dir='ltr'><strong>est</strong></span> <span class='ocrx_word' id='word_1_197' title='bbox 664 3407 774 3472; x_wconf 83' lang='lat' dir='ltr'><strong>ratio&#39;</strong></span> <span class='ocrx_word' id='word_1_198' title='bbox 765 3430 798 3473; x_wconf 89' lang='lat' dir='ltr'><strong>m</strong></span> <span class='ocrx_word' id='word_1_199' title='bbox 820 3408 869 3473; x_wconf 87' lang='lat' dir='ltr'><strong>iis</strong></span> <span class='ocrx_word' id='word_1_200' title='bbox 892 3428 973 3491; x_wconf 88' lang='lat' dir='ltr'><strong>quae</strong></span> <span class='ocrx_word' id='word_1_201' title='bbox 993 3413 1123 3474; x_wconf 59' lang='lat' dir='ltr'><strong>rotant.</strong></span> <span class='ocrx_word' id='word_1_202' title='bbox 1165 3344 1413 3476; x_wconf 79' lang='lat' dir='ltr'><strong>namstiuncula·</strong></span> 
     </span>
     <span class='ocr_line' id='line_1_27' title="bbox 342 3512 1424 3599; baseline 0.002 -17"><span class='ocrx_word' id='word_1_203' title='bbox 342 3536 413 3582; x_wconf 90' lang='lat' dir='ltr'><strong>rum</strong></span> <span class='ocrx_word' id='word_1_204' title='bbox 442 3529 521 3599; x_wconf 83' lang='lat' dir='ltr'><strong>quas</strong></span> <span class='ocrx_word' id='word_1_205' title='bbox 548 3535 616 3599; x_wconf 73' lang='lat' dir='ltr'><strong>cap:</strong></span> <span class='ocrx_word' id='word_1_206' title='bbox 643 3513 750 3580; x_wconf 85' lang='lat' dir='ltr'>XXIV</span> <span class='ocrx_word' id='word_1_207' title='bbox 777 3513 906 3581; x_wconf 81' lang='lat' dir='ltr'><strong>enhuhst</strong></span> <span class='ocrx_word' id='word_1_208' title='bbox 934 3515 1120 3582; x_wconf 67' lang='lat' dir='ltr'><strong>Plutarchus</strong></span> <span class='ocrx_word' id='word_1_209' title='bbox 1149 3512 1249 3582; x_wconf 78' lang='lat' dir='ltr'><strong>ultera</strong></span> <span class='ocrx_word' id='word_1_210' title='bbox 1268 3519 1424 3585; x_wconf 76' lang='lat' dir='ltr'><strong>unusne</strong></span> 
     </span>
     <span class='ocr_line' id='line_1_28' title="bbox 342 3620 1424 3707; baseline 0.002 -19"><span class='ocrx_word' id='word_1_211' title='bbox 342 3622 478 3689; x_wconf 87' lang='lat' dir='ltr'><strong>concinit</strong></span> <span class='ocrx_word' id='word_1_212' title='bbox 505 3640 576 3686; x_wconf 88' lang='lat' dir='ltr'><strong>curn</strong></span> <span class='ocrx_word' id='word_1_213' title='bbox 603 3621 693 3686; x_wconf 90' lang='lat' dir='ltr'><strong>Liuio</strong></span> <span class='ocrx_word' id='word_1_214' title='bbox 721 3620 837 3699; x_wconf 83' lang='lat' dir='ltr'>XXIV,</span> <span class='ocrx_word' id='word_1_215' title='bbox 865 3622 919 3699; x_wconf 88' lang='grc'><strong>44,</strong></span> <span class='ocrx_word' id='word_1_216' title='bbox 948 3641 1137 3705; x_wconf 87' lang='lat' dir='ltr'><strong>quamquam</strong></span> <span class='ocrx_word' id='word_1_217' title='bbox 1164 3622 1336 3707; x_wconf 75' lang='lat' dir='ltr'><strong>perperam·</strong></span> <span class='ocrx_word' id='word_1_218' title='bbox 1354 3624 1424 3691; x_wconf 89' lang='lat' dir='ltr'><strong>hoc·</strong></span> 
     </span>
     <span class='ocr_line' id='line_1_29' title="bbox 342 3710 1413 3812; baseline 0.002 -19"><span class='ocrx_word' id='word_1_219' title='bbox 342 3728 411 3793; x_wconf 88' lang='lat' dir='ltr'><strong>loeo</strong></span> <span class='ocrx_word' id='word_1_220' title='bbox 444 3731 574 3792; x_wconf 84' lang='lat' dir='ltr'><strong>narrata</strong></span> <span class='ocrx_word' id='word_1_221' title='bbox 606 3731 655 3791; x_wconf 89' lang='lat' dir='ltr'><strong>est</strong></span> <span class='ocrx_word' id='word_1_222' title='bbox 687 3746 708 3790; x_wconf 87' lang='lat' dir='ltr'><strong>a</strong></span> <span class='ocrx_word' id='word_1_223' title='bbox 739 3725 927 3805; x_wconf 83' lang='lat' dir='ltr'><strong>Plutarcho,</strong></span> <span class='ocrx_word' id='word_1_224' title='bbox 957 3726 1031 3810; x_wconf 86' lang='lat' dir='ltr'><strong>quia</strong></span> <span class='ocrx_word' id='word_1_225' title='bbox 1057 3727 1121 3791; x_wconf 88' lang='lat' dir='ltr'><strong>iam</strong></span> <span class='ocrx_word' id='word_1_226' title='bbox 1149 3733 1297 3812; x_wconf 88' lang='lat' dir='ltr'><strong>quattuor</strong></span> <span class='ocrx_word' id='word_1_227' title='bbox 1324 3710 1413 3795; x_wconf 85' lang='lat' dir='ltr'><strong>annis</strong></span> 
     </span>
     <span class='ocr_line' id='line_1_30' title="bbox 343 3823 1413 3917; baseline 0.001 -17"><span class='ocrx_word' id='word_1_228' title='bbox 343 3840 417 3901; x_wconf 85' lang='lat' dir='ltr'><strong>ante</strong></span> <span class='ocrx_word' id='word_1_229' title='bbox 444 3833 615 3899; x_wconf 84' lang='lat' dir='ltr'><strong>Tarentum</strong></span> <span class='ocrx_word' id='word_1_230' title='bbox 642 3837 769 3917; x_wconf 90' lang='lat' dir='ltr'><strong>captum</strong></span> <span class='ocrx_word' id='word_1_231' title='bbox 795 3832 878 3897; x_wconf 86' lang='lat' dir='ltr'><strong>filius</strong></span> <span class='ocrx_word' id='word_1_232' title='bbox 901 3823 1064 3897; x_wconf 75' lang='lat' dir='ltr'><strong>consuhtu</strong></span> <span class='ocrx_word' id='word_1_233' title='bbox 1085 3833 1211 3898; x_wconf 85' lang='lat' dir='ltr'><strong>fimctus</strong></span> <span class='ocrx_word' id='word_1_234' title='bbox 1234 3840 1311 3913; x_wconf 86' lang='lat' dir='ltr'><strong>erat,</strong></span> <span class='ocrx_word' id='word_1_235' title='bbox 1333 3836 1413 3901; x_wconf 89' lang='lat' dir='ltr'><strong>alte-</strong></span> 
     </span>
     <span class='ocr_line' id='line_1_31' title="bbox 341 3936 1413 4028; baseline 0.003 -21"><span class='ocrx_word' id='word_1_236' title='bbox 341 3963 411 4007; x_wconf 86' lang='lat' dir='ltr'><strong>ram</strong></span> <span class='ocrx_word' id='word_1_237' title='bbox 437 3941 471 4007; x_wconf 92' lang='lat' dir='ltr'><strong>in</strong></span> <span class='ocrx_word' id='word_1_238' title='bbox 497 3938 661 4005; x_wconf 86' lang='lat' dir='ltr'><strong>undecimo</strong></span> <span class='ocrx_word' id='word_1_239' title='bbox 689 3936 769 4005; x_wconf 90' lang='lat' dir='ltr'><strong>libro</strong></span> <span class='ocrx_word' id='word_1_240' title='bbox 798 3938 882 4003; x_wconf 86' lang='lat' dir='ltr'><strong>Liuii</strong></span> <span class='ocrx_word' id='word_1_241' title='bbox 908 3938 1003 4004; x_wconf 85' lang='lat' dir='ltr'><strong>fuisse</strong></span> <span class='ocrx_word' id='word_1_242' title='bbox 1031 3940 1099 4004; x_wconf 85' lang='lat' dir='ltr'><strong>ueri</strong></span> <span class='ocrx_word' id='word_1_243' title='bbox 1126 3937 1226 4005; x_wconf 89' lang='lat' dir='ltr'><strong>simile</strong></span> <span class='ocrx_word' id='word_1_244' title='bbox 1253 3948 1310 4010; x_wconf 88' lang='lat' dir='ltr'><strong>est.</strong></span> <span class='ocrx_word' id='word_1_245' title='bbox 1354 3965 1413 4028; x_wconf 89' lang='lat' dir='ltr'><strong>pu-</strong></span> 
     </span>
     <span class='ocr_line' id='line_1_32' title="bbox 341 4044 1413 4133; baseline 0.003 -20"><span class='ocrx_word' id='word_1_246' title='bbox 341 4053 440 4133; x_wconf 81' lang='lat' dir='ltr'><strong>gnant</strong></span> <span class='ocrx_word' id='word_1_247' title='bbox 468 4066 544 4112; x_wconf 88' lang='lat' dir='ltr'><strong>uero</strong></span> <span class='ocrx_word' id='word_1_248' title='bbox 572 4046 656 4114; x_wconf 84' lang='lat' dir='ltr'><strong>iuter</strong></span> <span class='ocrx_word' id='word_1_249' title='bbox 683 4067 726 4124; x_wconf 87' lang='lat' dir='ltr'><strong>se,</strong></span> <span class='ocrx_word' id='word_1_250' title='bbox 754 4044 840 4130; x_wconf 90' lang='lat' dir='ltr'><strong>quod</strong></span> <span class='ocrx_word' id='word_1_251' title='bbox 862 4044 1094 4111; x_wconf 84' lang='lat' dir='ltr'><strong>celeberrimum</strong></span> <span class='ocrx_word' id='word_1_252' title='bbox 1126 4046 1215 4112; x_wconf 92' lang='lat' dir='ltr'><strong>illum</strong></span> <span class='ocrx_word' id='word_1_253' title='bbox 1246 4048 1282 4127; x_wconf 84' lang='lat' dir='ltr'><strong>Q.</strong></span> <span class='ocrx_word' id='word_1_254' title='bbox 1319 4050 1413 4117; x_wconf 85' lang='lat' dir='ltr'><strong>Fabi·</strong></span> 
     </span>
     <span class='ocr_line' id='line_1_33' title="bbox 343 4151 1414 4235; baseline 0.001 -14"><span class='ocrx_word' id='word_1_255' title='bbox 343 4176 397 4221; x_wconf 88' lang='lat' dir='ltr'><strong>um</strong></span> <span class='ocrx_word' id='word_1_256' title='bbox 422 4153 594 4219; x_wconf 82' lang='lat' dir='ltr'><strong>Maxinmm</strong></span> <span class='ocrx_word' id='word_1_257' title='bbox 627 4152 806 4217; x_wconf 88' lang='lat' dir='ltr'><strong>Rullianum</strong></span> <span class='ocrx_word' id='word_1_258' title='bbox 837 4172 991 4235; x_wconf 88' lang='lat' dir='ltr'><strong>proauum</strong></span> <span class='ocrx_word' id='word_1_259' title='bbox 1024 4151 1189 4218; x_wconf 79' lang='lat' dir='ltr'><strong>Verrucosi</strong></span> <span class='ocrx_word' id='word_1_260' title='bbox 1229 4154 1414 4221; x_wconf 83' lang='lat' dir='ltr'><strong>Plutarchus</strong></span> 
     </span>
     <span class='ocr_line' id='line_1_34' title="bbox 343 4260 1413 4347; baseline 0.001 -18"><span class='ocrx_word' id='word_1_261' title='bbox 343 4262 429 4340; x_wconf 83' lang='lat' dir='ltr'><strong>dicit,</strong></span> <span class='ocrx_word' id='word_1_262' title='bbox 452 4261 562 4326; x_wconf 88' lang='lat' dir='ltr'><strong>Liuius</strong></span> <span class='ocrx_word' id='word_1_263' title='bbox 595 4282 691 4326; x_wconf 90' lang='lat' dir='ltr'><strong>auum</strong></span> <span class='ocrx_word' id='word_1_264' title='bbox 724 4260 846 4347; x_wconf 83' lang='lat' dir='ltr'>(XXX,</span> <span class='ocrx_word' id='word_1_265' title='bbox 881 4261 949 4346; x_wconf 83' lang='lat'><strong>26).</strong></span> <span class='ocrx_word' id='word_1_266' title='bbox 1009 4260 1141 4327; x_wconf 87' lang='lat' dir='ltr'><strong>Fabium</strong></span> <span class='ocrx_word' id='word_1_267' title='bbox 1182 4261 1246 4326; x_wconf 88' lang='lat' dir='ltr'><strong>filio</strong></span> <span class='ocrx_word' id='word_1_268' title='bbox 1288 4268 1413 4331; x_wconf 88' lang='lat' dir='ltr'><strong>mortuo</strong></span> 
     </span>
     <span class='ocr_line' id='line_1_35' title="bbox 342 4366 1414 4456; baseline 0.002 -22"><span class='ocrx_word' id='word_1_269' title='bbox 342 4368 558 4456; x_wconf 82' lang='lat' dir='ltr'><strong>perentauisse</strong></span> <span class='ocrx_word' id='word_1_270' title='bbox 579 4372 615 4432; x_wconf 87' lang='lat' dir='ltr'><strong>ut</strong></span> <span class='ocrx_word' id='word_1_271' title='bbox 635 4366 752 4451; x_wconf 89' lang='lat' dir='ltr'><strong>prodat</strong></span> <span class='ocrx_word' id='word_1_272' title='bbox 773 4366 882 4432; x_wconf 84' lang='lat' dir='ltr'><strong>Liuius</strong></span> <span class='ocrx_word' id='word_1_273' title='bbox 897 4371 1022 4432; x_wconf 88' lang='lat' dir='ltr'><strong>tantum</strong></span> <span class='ocrx_word' id='word_1_274' title='bbox 1043 4366 1143 4445; x_wconf 86' lang='lat' dir='ltr'><strong>abest,</strong></span> <span class='ocrx_word' id='word_1_275' title='bbox 1164 4371 1200 4431; x_wconf 92' lang='lat' dir='ltr'><strong>ut</strong></span> <span class='ocrx_word' id='word_1_276' title='bbox 1221 4366 1319 4432; x_wconf 89' lang='lat' dir='ltr'><strong>filium</strong></span> <span class='ocrx_word' id='word_1_277' title='bbox 1340 4374 1414 4453; x_wconf 87' lang='lat' dir='ltr'><strong>post</strong></span> 
     </span>
     <span class='ocr_line' id='line_1_36' title="bbox 342 4472 1413 4558; baseline -0.003 -16"><span class='ocrx_word' id='word_1_278' title='bbox 342 4481 477 4543; x_wconf 80' lang='lat' dir='ltr'><strong>mortem</strong></span> <span class='ocrx_word' id='word_1_279' title='bbox 501 4473 601 4558; x_wconf 88' lang='lat' dir='ltr'><strong>patris</strong></span> <span class='ocrx_word' id='word_1_280' title='bbox 627 4492 776 4557; x_wconf 79' lang='lat' dir='ltr'><strong>augurem</strong></span> <span class='ocrx_word' id='word_1_281' title='bbox 802 4473 837 4538; x_wconf 94' lang='lat' dir='ltr'><strong>in</strong></span> <span class='ocrx_word' id='word_1_282' title='bbox 862 4472 966 4538; x_wconf 90' lang='lat' dir='ltr'><strong>locum</strong></span> <span class='ocrx_word' id='word_1_283' title='bbox 997 4473 1062 4539; x_wconf 87' lang='lat' dir='ltr'><strong>eius</strong></span> <span class='ocrx_word' id='word_1_284' title='bbox 1095 4472 1315 4557; x_wconf 88' lang='lat' dir='ltr'><strong>inauguratum</strong></span> <span class='ocrx_word' id='word_1_285' title='bbox 1346 4494 1413 4541; x_wconf 89' lang='lat' dir='ltr'><strong>esse</strong></span> 
     </span>
     <span class='ocr_line' id='line_1_37' title="bbox 342 4577 1413 4669; baseline -0.003 -21"><span class='ocrx_word' id='word_1_286' title='bbox 342 4585 451 4649; x_wconf 65' lang='lat' dir='ltr'><strong>noret</strong></span> <span class='ocrx_word' id='word_1_287' title='bbox 478 4579 593 4669; x_wconf 82' lang='lat' dir='ltr'>(XXX,</span> <span class='ocrx_word' id='word_1_288' title='bbox 622 4580 690 4664; x_wconf 83' lang='lat'>26).</span> <span class='ocrx_word' id='word_1_289' title='bbox 736 4577 869 4644; x_wconf 84' lang='lat' dir='ltr'><strong>Fabium</strong></span> <span class='ocrx_word' id='word_1_290' title='bbox 896 4577 977 4643; x_wconf 86' lang='lat' dir='ltr'><strong>mira</strong></span> <span class='ocrx_word' id='word_1_291' title='bbox 1009 4599 1079 4644; x_wconf 90' lang='lat' dir='ltr'><strong>cum</strong></span> <span class='ocrx_word' id='word_1_292' title='bbox 1112 4579 1288 4645; x_wconf 68' lang='lat' dir='ltr'><strong>contentia</strong></span> <span class='ocrx_word' id='word_1_293' title='bbox 1318 4584 1413 4663; x_wconf 85' lang='lat' dir='ltr'><strong>atque</strong></span> 
     </span>
     <span class='ocr_line' id='line_1_38' title="bbox 344 4682 1414 4769; baseline -0.003 -15"><span class='ocrx_word' id='word_1_294' title='bbox 344 4687 502 4754; x_wconf 80' lang='lat' dir='ltr'><strong>offirmata</strong></span> <span class='ocrx_word' id='word_1_295' title='bbox 528 4683 693 4753; x_wconf 78' lang='lat' dir='ltr'><strong>uoluntate</strong></span> <span class='ocrx_word' id='word_1_296' title='bbox 720 4683 857 4751; x_wconf 86' lang='lat' dir='ltr'><strong>consiliis</strong></span> <span class='ocrx_word' id='word_1_297' title='bbox 890 4682 1051 4769; x_wconf 86' lang='lat' dir='ltr'><strong>Scipionis,</strong></span> <span class='ocrx_word' id='word_1_298' title='bbox 1085 4684 1139 4769; x_wconf 89' lang='lat' dir='ltr'><strong>qui</strong></span> <span class='ocrx_word' id='word_1_299' title='bbox 1166 4687 1291 4750; x_wconf 85' lang='lat' dir='ltr'><strong>cautam</strong></span> <span class='ocrx_word' id='word_1_300' title='bbox 1323 4683 1414 4751; x_wconf 84' lang='lat' dir='ltr'><strong>Fabii</strong></span> 
     </span>
    </p>
   </div>
   <div class='ocr_carea' id='block_1_4' title="bbox 0 0 1714 5567">
    <p class='ocr_par' dir='ltr' id='par_1_5' title="bbox 0 0 1714 5567">
     <span class='ocr_line' id='line_1_39' title="bbox 0 0 1714 5567; baseline 0 0"><span class='ocrx_word' id='word_1_301' title='bbox 0 0 1714 5567; x_wconf 95' lang='lat' dir='ltr'><strong> </strong></span> 
     </span>
    </p>
   </div>
  </div>
 </body>
</html>
