3417 5567
737 649 959 714 ..33-

309 870 343 931 et
365 862 487 931 Graeca
509 862 543 929 in
567 860 638 927 foro
665 860 772 927 boario
794 852 881 927 uiuis
898 859 1030 926 defossis
1053 881 1124 927 cum
1146 859 1234 929 Oros.
1254 866 1288 925 et
1306 859 1383 925 Zon.

309 973 359 1055 (et
379 968 479 1035 Dione
496 966 754 1054 Cassio-excerpt
777 966 879 1034 Vales.
905 968 972 1051 12),
995 964 1035 1031 de
1057 964 1133 1033 diris
1147 965 1297 1054 prodigiis
1310 988 1383 1034 cum

310 1075 400 1143 Oros.
430 1080 464 1139 et
483 1075 575 1150 Zea,
605 1071 644 1141 de
666 1072 760 1139 rebus
782 1093 802 1136 a
823 1073 978 1141 Flaminio
999 1073 1127 1139 consule
1148 1074 1249 1141 inuito
1271 1079 1383 1139 senatu

310 1200 459 1267 prospere
481 1180 577 1264 gestis
599 1179 639 1246 de
653 1180 838 1262 magistratu
860 1181 891 1245 ei
911 1179 1063 1263 abrogato
1080 1180 1239 1264 triumpho
1256 1180 1383 1248 decreto

310 1288 351 1353 de
370 1286 493 1355 helles
508 1285 657 1353 Marcello
680 1284 895 1368 redintegrato
916 1306 989 1353 cum
1010 1287 1097 1362 Zon„
1120 1285 1161 1351 de
1183 1286 1299 1351 illustri
1318 1287 1385 1351 eius

312 1394 526 1461 uictoriacum
539 1391 744 1469 omnihus,de
767 1391 953 1459 Virdomaro
975 1412 1050 1475 rege
1071 1414 1092 1458 a
1112 1392 1262 1461 Marcello
1284 1392 1386 1457 occiso

311 1523 384 1569 eum
404 1498 584 1582 Liuiiepit.
608 1497 687 1575 XX,
715 1498 858 1581 Eutrop.‚
881 1496 979 1576 Oros,
1002 1498 1147 1567 debello
1169 1499 1210 1567 ab
1232 1498 1386 1564 ambobus

311 1606 491 1675 consulibus
520 1610 649 1689 peracto
677 1625 749 1670 cum
777 1604 865 1686 Oros.
895 1610 928 1674 et
956 1605 1031 1670 Zou.
1059 1605 1214 1688 copiosius
1237 1604 1386 1671 describit

310 1714 433 1795 insigne
446 1709 638 1778 fortitudinis
654 1710 840 1794 exemplum,
865 1710 949 1794 quod
969 1710 1135 1777 Marcellus
1149 1711 1287 1777 hostium
1308 1711 1387 1777 duce

310 1838 458 1903 percusso
492 1817 661 1902 spoliisque
694 1816 805 1900 opimis
827 1838 867 1881 ex
900 1836 938 1883 eo
971 1816 1089 1882 relatis:
1107 1816 1256 1883 ediderat.
1301 1819 1387 1883 solus

311 1931 466 1995 memorat
488 1925 544 2001 ΙΠ,
569 1924 610 1991 16
634 1922 811 2000 sacerdotes
833 1911 916 1989 bello
938 1923 1058 1989 Gallico
1080 1922 1233 2005 flagrante
1255 1924 1387 1990 militiae

311 2034 509 2101 uacationem
543 2052 605 2097 non
639 2030 785 2099 habuisse
820 2051 859 2095 ac
892 2029 984 2108 vlu,
1022 2030 1066 2095 38
1101 2030 1256 2114 superatis
1288 2030 1387 2097 Gallis

312 2162 332 2205 e
363 2137 482 2223 praeda
522 2136 661 2219 Delphos
700 2140 733 2201 et
770 2135 901 2202 Hieroni
940 2133 1164 2221 Syracusarum
1196 2137 1263 2219 regi
1302 2134 1399 2223 dona

310 2264 381 2311 esse
413 2243 517 2310 missa
574 2262 675 2325 neque
714 2263 771 2310 nos
811 2241 969 2311 offendere
1004 2247 1124 2327 potest,
1163 2242 1247 2325 qnod
1283 2261 1388 2325 regem

315 2350 523 2416 Gaesatorum
556 2369 576 2412 a
607 2348 756 2415 Marcello
790 2348 987 2416 interiectum
1012 2347 1199 2415 Plutarchus
1227 2348 1386 2435 Βριτόμα-

315 2480 378 2534 roo,
407 2475 514 2521 omnes
542 2461 684 2525 auctores
718 2454 851 2523 Romani
868 2454 900 2539 ⁸)
936 2454 1154 2523 virdomarum
1187 2462 1244 2521 aut
1276 2457 1387 2540 paulu-

315 2562 383 2629 lum
416 2560 628 2643 discrepantes
667 2560 904 2637 virdumarum,
949 2559 1194 2639 valdemarum,
1243 2562 1387 2627 Viriodu-

316 2690 439 2735 marum
466 2668 638 2734 nominant.
689 2687 763 2734 nam
791 2686 905 2735 nomen
925 2666 1004 2734 illud
1026 2666 1194 2735 barbarum
1216 2689 1255 2735 ac
1277 2668 1389 2735 dunum

316 2796 336 2837 a
363 2773 502 2839 Graecae
535 2773 659 2855 linguae
693 2772 822 2838 lenitate
854 2772 1025 2843 abhorreas
1054 2772 1175 2839 Graeco
1197 2774 1244 2839 ori
1265 2795 1388 2841 accom-

315 2881 479 2949 modatum
512 2879 636 2947 uidetur
668 2900 746 2945 esse.
791 2900 863 2948 cum
896 2879 959 2946 aiio
991 2886 1097 2947 autem
1124 2879 1204 2948 duce
1227 2880 1389 2947 Gallorum

316 2988 519 3064 Brittomaro,
547 3006 641 3069 quem
670 2986 710 3053 ab
737 2986 871 3054 Aemilio
907 2986 1034 3055 conane
1061 2987 1181 3054 uictam
1208 3008 1276 3055 esse
1304 2987 1388 3053 solus

316 3095 428 3163 Florus
449 3093 490 3171 II,
519 3092 541 3157 4
562 3092 709 3175 prodidit,
732 3093 936 3160 Plutarchum
956 3091 1177 3160 virdomarum
1198 3092 1385 3169 confidisse,

317 3200 403 3285 quod
432 3199 501 3283 quis
533 3198 656 3282 opinari
682 3199 806 3282 possit,v
827 3198 912 3264 credi
932 3220 996 3265 non
1017 3205 1131 3282 potest,
1156 3200 1232 3282 quia
1253 3221 1316 3266 non
1337 3220 1388 3265 so-

316 3309 383 3374 lum
410 3308 443 3371 in
473 3304 553 3373 libro
583 3305 726 3389 quohoc
747 3305 817 3373 loco
839 3326 915 3371 usus
937 3311 986 3373 cst
1008 3306 1063 3371 sed
1085 3306 1181 3372 etiam
1197 3296 1286 3389 vapud
1309 3305 1389 3370 Var-

316 3434 435 3489 ronem,
464 3412 518 3479 ubi
544 3410 612 3477 fieri
639 3432 702 3476 non
729 3412 833 3495 potuit
860 3416 898 3478 ut
924 3411 1058 3478 duorum
1081 3411 1243 3479 Gallorum
1264 3412 1390 3480 nomina
1416 3493 1418 3500 Ι

317 3518 589 3594 confunderentur,
628 3517 712 3584 idem
740 3538 853 3586 nomen
882 3517 959 3601 legit
985 3517 1038 3603 (cf.
1059 3517 1148 3585 ·Plut.
1177 3518 1273 3585 Marc
1296 3518 1389 3595 VIII;

318 3626 441 3693 Romul.
475 3624 566 3701 XV13
601 3624 685 3689 Fest.
708 3644 737 3690 u.
762 3625 867 3707 opima
899 3624 1008 3708 spolia,
1040 3644 1110 3707 pag.
1148 3625 1211 3690 186
1242 3631 1275 3694 et
1309 3646 1389 3708 quae

318 3740 430 3819 postea
451 3731 491 3797 de
512 3731 550 3797 iis
572 3731 648 3799 locis
676 3732 891 3815 exponemus).
914 3729 1034 3813 aliquid
1048 3728 1153 3798 differt
1166 3731 1352 3798 Plutarchus
1367 3754 1388 3797 a

318 3842 451 3917 Zonara,
474 3838 622 3921 quicum
642 3836 772 3920 Polybio
793 3836 835 3915 ΙΙ,
859 3836 903 3901 34
935 3837 1131 3905 consentiens
1155 3836 1253 3904 Gallis
1281 3844 1389 3921 peten-

318 3948 524 4038 tihuspacem
546 3964 609 4009 uon
631 3964 700 4009 esse
727 3962 907 4009 concessam
928 3941 1068 4020 tradidit,
1091 3963 1162 4008 eum
1184 3943 1260 4008 dicit
1279 3964 1388 4028 pacem
1423 4004 1428 4025 ‚

320 4076 416 4139 quam
453 4050 649 4117 dissuasisset
682 4050 847 4115 Marcellus
880 4070 914 4113 re
964 4049 1090 4127 fectum,
1131 4071 1150 4116 a
1195 4050 1293 4115 Gallis
1331 4072 1388 4115 au-

318 4170 385 4229 tem
405 4165 532 4245 ruptam
552 4176 628 4227 csse.
653 4157 763 4241 quodsi
778 4177 854 4223 uero
869 4156 960 4221 XXX
974 4156 1061 4224 milia
1074 4155 1283 4250 Gessatorum
1305 4157 1390 4241 apud

427 4443 451 4508 ⁶)
470 4443 525 4495 Liu.
544 4458 583 4511 ep.
600 4442 665 4498 XX:
688 4441 752 4493 Flor.
770 4438 806 4501 Π,
824 4442 852 4501 4;
877 4440 979 4506 Eutrop.
998 4436 1046 4501 ΠΙ,
1064 4441 1094 4503 6;
1118 4439 1187 4495 Oros.
1206 4440 1250 4502 IV,
1271 4441 1315 4499 13;
1335 4441 1389 4493 Au.

319 4534 363 4586 rel.
388 4534 450 4585 Vict
475 4533 523 4591 la
549 4532 662 4597 Propert.
686 4530 730 4590 IV,
756 4532 798 4590 10,
821 4532 869 4590 413
896 4528 965 4582 Seru.
995 4529 1109 4582 adden
1128 4530 1172 4589 VL
1189 4530 1253 4590 8503
1281 4532 1345 4581 Fest.
1364 4544 1389 4582 u.
1459 4548 1462 4551 ’

320 4624 403 4690 opima
424 4623 511 4689 spolia,
530 4636 588 4688 pag.
614 4622 664 4674 186
688 4619 796 4687 (Muli.);
816 4624 872 4670 acta
890 4620 1004 4686 triumph.
1024 4618 1129 4686 Capitol.
1152 4623 1178 4671 in
1201 4634 1267 4686 corp.
1286 4623 1358 4672 inser.
1377 4620 1391 4670 1

319 4731 343 4780 p.
364 4714 424 4767 lta
464 4767 465 4771 ,
579 4742 581 4747 ·
1076 4778 1080 4785 ¹

1166 4798 1182 4849 3
