3417 5567
742 651 959 716 ..5...

310 871 398 930 satus
423 886 461 930 au
482 865 628 931 fortunae
649 865 877 931 moissitudines
900 887 999 949 quam
1009 866 1209 934 acerbissime
1227 871 1310 930 esset
1330 884 1384 931 ex·
1421 894 1424 911 ⁴

308 976 426 1054 pertus.
472 970 545 1035 huie
566 991 642 1041 uero
664 970 810 1054 dignitati
838 994 877 1037 ae
904 974 1116 1056 praestantiae
1141 972 1262 1055 Polybii
1289 970 1386 1037 officit

310 1076 460 1141 orationis
488 1077 611 1141 sieeitas
634 1082 668 1140 et
688 1075 817 1141 durities
845 1084 942 1161 atque
970 1078 1145 1161 frequentia
1172 1078 1385 1143 ratiocinatio-

309 1203 386 1247 num
408 1183 694 1266 egressionumqus,
724 1204 788 1265 qua
815 1204 891 1247 sane
915 1184 1083 1268 fatigamur
1110 1204 1250 1269 quaque¹
1268 1183 1385 1249 fautum
1437 1206 1443 1227 ¹

310 1294 368 1365 est,
390 1293 428 1352 ut
447 1290 546 1372 magis
565 1308 659 1372 quam
684 1310 744 1374 par
778 1296 846 1355 erat
869 1310 889 1355 a
914 1290 1072 1357 ueteribus
1100 1289 1322 1373 neglegeretur.
1365 1310 1386 1354 a

309 1393 439 1478 Polybio
461 1395 746 1480 quamplurimum
768 1398 866 1463 distat
886 1398 1011 1464 Liuius:
1049 1398 1161 1481 quibus
1184 1398 1267 1463 euim
1285 1397 1385 1462 uirtu-

310 1500 394 1565 tibus
427 1500 480 1565 ills
511 1507 656 1585 praestat
679 1501 730 1567 hic
758 1497 807 1568 est
832 1502 969 1593 inferius
1000 1502 1113 1587 quibus
1141 1502 1194 1567 ille
1222 1508 1308 1568 earet
1334 1500 1386 1568 hie

284 1660 289 1665 .
310 1606 409 1671 floret.
454 1608 605 1673 sermonis
626 1608 710 1673 euim
732 1608 887 1693 elegantia
903 1615 935 1673 et
956 1608 1159 1685 iucunditate,
1181 1628 1245 1692 qua
1266 1610 1385 1693 primus
1489 1592 1494 1599 ”

310 1734 350 1777 ex
382 1714 542 1779 annalium
571 1714 757 1797 scriptorum
789 1715 893 1780 ieiuno
933 1714 1054 1781 dicendi
1082 1716 1194 1799 genere
1226 1733 1385 1797 emergens

311 1819 492 1885 uniuersam
513 1820 622 1913 pepuli
642 1820 776 1885 Romani
797 1820 960 1887 historiam
985 1821 1163 1897 illustrauit,
1193 1824 1226 1884 et
1251 1820 1385 1903 ingenuo

311 1946 405 1991 sensu
427 1947 466 1991 ae
488 1927 633 2005 eandore,
661 1946 724 2010 quo
752 1927 786 1992 in
813 1926 907 1993 rebus
936 1926 1089 1993 clarorum
1110 1926 1254 1993 maurum.
1267 1924 1385 1991 dosori-

311 2031 423 2098 bendis
450 2032 561 2098 duetus
589 2038 652 2111 est,
681 2033 828 2116 aequales
856 2038 889 2097 et
915 2039 1057 2117 posteros
1084 2033 1153 2116 pari
1180 2032 1384 2097 admiratione

310 2137 431 2203 imbuit.
475 2144 511 2203 at
532 2137 707 2204 cauendum
729 2143 787 2215 est,
809 2158 850 2205 ue
871 2138 931 2205 hoe
953 2138 1072 2221 firlgore
1095 2140 1301 2203 oeoaeeemtu.
1335 2143 1384 2203 at

311 2265 374 2329 que
394 2245 546 2310 intentius
566 2241 759 2328 inquirentes
781 2245 1093 2329 incompositionem
1115 2248 1147 2309 et
1168 2248 1386 2327 argumentum

306 2350 512 2433 ¹historiarum
533 2349 620 2416 haud
639 2350 724 2415 leuia
744 2350 825 2418 uitia
838 2340 1130 2415 animaduertemus.
1161 2349 1202 2414 ad
1215 2349 1386 2415 ,historiam

311 2457 394 2522 enim
415 2456 669 2523 conscribendam
696 2459 827 2535 accessit
853 2458 978 2547 Liuius,
998 2458 1180 2542 priusquam
1206 2477 1385 2541 expressam

311 2562 479 2646 imaginem
501 2564 568 2629 eius
583 2564 770 2647 cogitatione
784 2562 937 2641 finxisset,
961 2562 1089 2627 annales
1111 2582 1186 2627 uero
1200 2582 1303 2646 neque
1317 2584 1384 2629 om-

311 2688 367 2733 ues
410 2690 489 2752 quos
519 2668 595 2735 data
624 2689 720 2753 opera
747 2668 807 2735 sibi
834 2670 1004 2764 oonsiliare
1031 2670 1157 2753 poterat
1188 2669 1384 2752 uunquisiuit,

312 2796 414 2859 neque
448 2797 501 2842 eos
535 2776 649 2861 quibus
688 2798 761 2842 risus
791 2782 840 2841 est
867 2782 959 2871 tanta
988 2780 1107 2861 quanta
1145 2774 1279 2840 debebat
1311 2796 1386 2841 eura

312 2882 456 2948 adhibuit
477 2889 534 2948 aut
547 2882 664 2967 ubique
686 2884 972 2961 omnesoonsuluit,
995 2883 1051 2949 sed
1072 2888 1141 2947 tum
1154 2882 1212 2947 hos
1233 2888 1301 2947 tum
1315 2882 1384 2947 illos

314 2993 438 3055 seeutus
460 2989 517 3055 est.
563 2994 673 3055 eontra
694 2988 804 3055 eodem
825 2990 895 3056 loeo
909 2988 1003 3055 ,haud
1017 3009 1089 3055 raro
1109 2990 1214 3053 uarias
1238 2988 1384 3055 diuersis-

313 3094 462 3159 simorum
482 3099 645 3159 auetorum
667 3094 836 3160 medones
857 3094 1037 3178 permiscuit
1058 3116 1096 3159 au
1113 3093 1261 3159 confudit.
1302 3094 1385 3160 unde

313 3218 443 3277 errores,
471 3200 556 3265 looos
591 3199 738 3265 obscuros
766 3205 800 3265 et
830 3200 913 3266 inter
945 3221 978 3267 se
1010 3205 1218 3286 repugnantes
1246 3200 1385 3265 extitisse

313 3324 404 3371 nemo
427 3306 487 3370 erit
514 3306 569 3389 qui
590 3306 728 3371 miretur.
773 3306 909 3390 antiquis
933 3312 1038 3372 autem
1059 3307 1276 3384 monumentis,
1305 3326 1385 3391 quae

312 3419 389 3478 tuno
417 3412 493 3477 satis
522 3412 622 3477 multa
650 3412 839 3496 superfuisse
868 3434 885 3477 e
920 3412 1070 3497 Dionysio
1091 3410 1314 3489 Halicarnasso
1337 3412 1385 3477 di·

314 3520 437 3597 scimus,
459 3518 611 3584 adeundis
632 3518 750 3583 nullam
765 3540 894 3602 operam
914 3518 1011 3597 dedit,
1033 3525 1069 3583 ut
1090 3525 1146 3584 tuo
1169 3519 1236 3585 iure
1266 3519 1385 3587 diceres

312 3647 376 3692 non
408 3631 616 3698 monumenta.
642 3624 733 3689 Liuio
761 3624 816 3689 sed
848 3625 973 3691 Liuium
1005 3626 1215 3691 monumentis
1241 3624 1384 3691 dedisse.

313 3732 434 3798 aoceffit
467 3731 553 3815 quod
591 3736 739 3796 aeourata
764 3737 919 3797 terrmum
953 3732 1127 3815 cognitione
1164 3731 1290 3797 minime
1318 3738 1386 3798 erat

312 3840 481 3905 instructus
493 3844 526 3903 et
548 3859 568 3902 a
588 3857 623 3902 re
644 3836 771 3921 publiea
780 3838 916 3921 gerenda
937 3842 1075 3915 remotus
1102 3858 1166 3903 non
1183 3837 1296 3931 ¹potuit
1317 3858 1385 3904 esse

251 3980 255 3992 ·
313 3966 351 4010 ea
372 3944 552 4027 sagacitate,
581 3965 645 4027 qua
667 3965 729 4027 quo
751 3964 836 4009 nexu
864 3966 920 4033 res¹
943 3942 1073 4009 diuersis
1100 3945 1176 4011 louis
1204 3950 1310 4029 gestae
1332 3965 1385 4011 oo-

312 4051 492 4127 haererent,
521 4049 634 4134 quibus
662 4049 763 4116 causis
792 4055 896 4130 ortae,
925 4051 979 4133 qui
1000 4036 1131 4117 euentus
1153 4050 1250 4117 futuri
1272 4056 1384 4131 essent,
1500 4071 1502 4075 ⁴

312 4157 509 4241 perspiceret.
553 4155 587 4221 in
607 4155 703 4221 tertia
730 4160 836 4221 autem
860 4154 976 4221 derude
998 4175 1079 4238 quae
1093 4154 1184 4221 nobis
1199 4154 1386 4223 eonferenda

313 4267 363 4327 est
392 4261 526 4326 Fabium
546 4260 711 4338 Pietatem,
733 4258 875 4325 (lineium
895 4259 1095 4339 Alimentum,
1118 4261 1265 4327 Latinum
1286 4260 1385 4327 Grae-

313 4387 421 4433 oorum
442 4366 534 4433 Acilii
555 4366 732 4432 Glabrionis
752 4368 913 4433 annalium
926 4368 1136 4453 interpretem,
1160 4367 1298 4435 Caelium
1320 4369 1385 4435 An-

313 4474 475 4559 tipatrum,
504 4470 665 4537 Valerium
691 4471 867 4553 Antiatem,
895 4472 1097 4560 Calpurnium
1123 4474 1285 4555 Pisonem,
1313 4474 1384 4542 Glo-

313 4579 400 4645 dium
421 4577 575 4644 Licinium
596 4583 630 4645 et
650 4576 786 4646 Graooos
808 4578 946 4647 Silenum
973 4601 1011 4647 aa
1027 4579 1190 4665 Polybium
1211 4600 1245 4647 se
1274 4602 1384 4649 oonsu-

312 4686 408 4752 luisse
442 4685 509 4770 ipse
537 4684 711 4771 profitetur.
772 4705 866 4769 quem
899 4706 974 4752 uero
1002 4686 1198 4770 potissimum
1226 4693 1385 4757 auctorem
