3417 5567
757 644 977 709 ..25-

328 850 420 940 Liuio
436 857 673 942 aut‘utrumqua
688 854 851 921 ex‘eodem
874 856 961 921 fonte
982 856 1131 924 hausisse.
1153 863 1258 926 uuum
1279 860 1393 943 proba-

328 959 421 1024 bilius
444 960 486 1023 sit
500 964 536 1023 ut
559 958 780 1039 dboeruamus,
803 964 978 1028 accuratius
1001 960 1090 1029 uobis
1111 964 1329 1051 inquirendum
1350 974 1399 1031 est

328 1066 363 1129 in
389 1064 536 1143 Limum·
552 1065 607 1148 qui
634 1066 931 1149 singularitatione
957 1068 1048 1133 huius
1070 1088 1194 1153 pugnae
1215 1070 1397 1155 deseru'ptio-

328 1186 403 1237 uem
434 1172 617 1255 compesuit.
673 1190 747 1237 uam
774 1193 853 1245 ,eum
888 1194 996 1240 aarum
1022 1156 1126 1241 rerum
1163 1175 1244 1260 quae
1268 1194 1397 1262 ‘pugnae

328 1282 575 1343 anteeesserunt
591 1278 732 1348 namatio
766 1278 934 1345 abhorreat
962 1302 985 1345 a
1008 1280 1149 1366 Polybio,
1171 1283 1269 1366 ipsius
1289 1290 1397 1348 autem

327 1386 451 1470 pugnae
469 1384 694 1467 *descriptionis
721 1385 807 1467 prior
832 1406 924 1469 pars,
951 1388 1017 1451 siue
1045 1394 1169 1471 speeies
1184 1388 1238 1454 ud
1257 1410 1310 1455 res
1331 1390 1397 1454 siue

327 1492 479 1557 obseruas
499 1490 639 1555 ordinem
659 1511 764 1554 rernm
785 1496 820 1555 et
838 1492 962 1575 singula
982 1492 1089 1571 uerba,
1111 1494 1225 1579 mirum
1246 1502 1398 1583 quantum

326 1598 475 1662 ooneinat
495 1616 567 1659 cum
587 1616 625 1659 eu
647 1595 731 1681 (Idu.
753 1596 863 1675 XXHp
882 1597 926 1662 45
949 1599 1110 1681 §.aaut
1133 1604 1164 1683 ξ.
1185 1601 1224 1678 4;
1250 1601 1319 1666 rot
1339 1603 1395 1680 ΙΙΙ,

327 1702 503 1769 lis—-iib
531 1723 601 1785 pag.
630 1703 706 1779 293,
734 1703 781 1786 4),
809 1723 884 1787 pars
909 1704 1054 1790 alterai)
1081 1705 1176 1771 modo
1204 1708 1297 1773 ualde
1324 1729 1396 1792 per.

331 1812 428 1896 plexa
448 1811 490 1875 sit
503 1836 505 1839 ·
518 1814 555 1874 eti
577 1808 825 1892 discrepetoum
839 1810 890 1874 iis
918 1832 1000 1894 quae
1028 1812 1126 1895 paulo
1151 1818 1397 1880 auteainurrata

326 1921 401 1981 sunt
422 1916 504 2002 (Liu.
528 1914 572 1981 45
594 1921 623 1999 ὅ.
645 1915 771 1994 ’5-4ος
799 1917 841 1982 48
855 1920 888 2000 ξ.
904 1918 1006 2002 oue)
1028 1919 1122 1984 modo
1142 1922 1271 2003 prorsus
1294 1922 1396 1988 ebena

324 2024 369 2088 sit
395 2044 416 2087 a
441 2022 571 2105 Polybio
600 2023 681 2109 (Lim
704 2023 747 2088 48
770 2028 800 2105 ξ.
823 2024 925 2100 1,-4;
948 2024 1025 2109 49),
1048 2024 1178 2092 Limum
1197 2027 1303 2110 plures
1325 2050 1395 2094 eos-

326 2148 404 2217 que.
421 2127 560 2194 diuersos
593 2127 696 2195 fontes
728 2128 909 2194 adhibuisse
935 2150 1063 2195 neeesse
1091 2137 1139 2196 est
1153 2137 1202 2196 ut
1228 2138 1393 2200 demumr.

326 2241 423 2324 atque
443 2235 567 2300 initium
590 2234 860 2322 quidempugnae
879 2236 1041 2321 ePelybio
1064 2256 1131 2303 esse
1152 2244 1311 2323 sumptum
1330 2262 1395 2306 non

322 2344 434 2427 ‘potest
450 2342 575 2425 uagam
598 2346 763 2407 ea-'autem
784 2359 867 2428 quae
881 2348 1028 2408 secuntur
1040 2343 1290 2427 liuiuspreeter
1302 2346 1394 2432 Poly·

325 2451 413 2516 bium
435 2449 643 2515 altero-fonte
664 2470 739 2513 usus
761 2448 888 2514 uidetur
900 2450 1078 2515 eontirdisse
1091 2456 1187 2539 atque
1203 2450 1394 2530 obscurasse,

325 2557 430 2621 omnia
452 2554 586 2641 denique
613 2556 696 2641 quae
714 2553 886 2619 abhorrent
908 2576 928 2619 a
949 2556 1078 2641 Polybio
1100 2556 1213 2623 debere
1235 2559 1395 2625 annalium

324 2786 537 2799 ..a—-u—-a

432 2908 455 2974 't'
478 2910 589 2960 Primum
612 2911 676 2961 enim
700 2912 788 2961 mirum
807 2914 843 2961 est
861 2889 936 2977 quod,
956 2924 1105 2976 quamquam
1123 2898 1197 2964 autea
1214 2914 1283 2965 tanta
1301 2915 1392 2967 uerbo-

324 3014 378 3050 rum
400 2998 532 3049 similitudo
554 2996 610 3057 fuit,
634 2997 666 3049 ab
688 2999 736 3049 lrao
764 2999 921 3063 paragrapho
948 2997 1017 3048 nulls
1042 3002 1201 3065 conspicitur.
1246 3006 1393 3069 stratagema

325 3102 384 3139 uero
400 3084 550 3140 Hannibalis
564 3087 684 3153 quomodo
698 3090 861 3152 perageretur
873 3090 953 3139 auimo
968 3102 1018 3139 neu
1025 3091 1166 3155 percepisse
1179 3090 1280 3147 uidetur
1297 3094 1391 3148 Huius.

324 3192 382 3229 narn
404 3180 506 3248 praeter⁸
524 3175 575 3229 alia
596 3191 661 3244 quaa
688 3190 738 3229 nou
764 3179 822 3228 sunt
845 3176 913 3229 clara
935 3176 1026 3229 uerba:
1052 3177 1103 3237 „ad
1123 3178 1236 3231 subsidio
1257 3180 1392 3235 Afrorum*

324 3266 386 3334 quid
398 3264 445 3316 sibi
457 3264 537 3315 uelint
548 3280 597 3315 non
607 3263 771 3330 intellegitur3
789 3270 903 3330 pugnent
920 3270 1004 3316 autem
1022 3281 1078 3316 eum
1096 3266 1204 3333 Polybio
1221 3256 1312 3321 uerba:
1332 3273 1391 3332 „diu

324 3373 354 3407 ao
373 3354 450 3421 saepe
467 3352 586 3413 corruisi‚“
604 3368 677 3413 „mox
696 3367 787 3404 corrrua
806 3352 963 3405 extendendo
976 3354 1087 3406 elausere
1106 3358 1130 3405 et
1147 3354 1180 3406 ab
1199 3361 1268 3422 tergo
1285 3338 1391 3413 hostes“.
1422 3341 1435 3384 s

324 3444 415 3494 deinde
438 3444 610 3508 praetermisso
637 3443 737 3507 egregio
765 3430 930 3493 Hasdrubalis
956 3446 1136 3507 stratagemate,
1164 3446 1230 3511 quod
1256 3452 1391 3500 maximum

323 3537 470 3584 momentum
485 3532 521 3581 'ad
538 3534 667 3582 uictoriam
685 3530 796 3582 attulisse
813 3530 937 3597 Polybius
953 3531 1090 3597 praedicat
1108 3536 1183 3599 atque
1200 3536 1294 3586 inserta
1310 3539 1335 3586 iu
1353 3536 1391 3588 loa

322 3638 381 3673 eum
403 3617 456 3675 eiu's
478 3623 563 3685 inepta
577 3618 768 3684 ,transfugarum
789 3620 951 3672 Numidarum
971 3618 1060 3671 fabula
1081 3636 1120 3680 aa,
1143 3637 1208 3687 quae
1226 3623 1258 3675 de
1276 3625 1390 3679 Hasdru·

324 3710 383 3764 bale
399 3711 488 3764 Liuius
505 3710 596 3777 adiecit
613 3714 637 3759 ot
655 3724 720 3776 quae
737 3708 896 3762 hauddubie
913 3708 1048 3775 Polybium
1065 3710 1184 3771 redolent,
1202 3717 1252 3763 tam
1269 3720 1326 3765 sunt
1344 3715 1389 3767 ob-

323 3814 410 3866 seura
429 3804 455 3849 ut
476 3800 524 3848 nisi
547 3803 685 3865 comparato
707 3796 816 3865 Polybio
838 3797 951 3863 intellegi
973 3814 1022 3849 uon
1043 3802 1143 3865 possint.
1186 3800 1273 3852 eadem
1294 3806 1390 3855 incuria

323 3888 417 3940 lactum
440 3892 488 3939 est.
511 3892 538 3937 ut
565 3903 678 3952 pugrtaus
700 3902 784 3938 seeum
807 3885 990 3939 Hasdrubalem
1013 3902 1086 3953 quem
1109 3889 1232 3939 sinistrum
1255 3905 1331 3941 cornu
1352 3896 1390 3942 te-

324 3978 407 4027 nuisse
425 3960 498 4027 antea
516 3975 614 4027 dixerat
632 3976 713 4027 dextri
737 3990 813 4027 oomu
831 3974 985 4039 praefectum
998 3978 1140 4028 nominaret.
1153 3992 1208 4027 nam
1226 3964 1293 4043 quod
1310 3979 1390 4046 Poly-

323 4065 380 4118 bius
402 4066 517 4131 exposuit
537 4064 720 4115 Hasdrubalem
743 4074 857 4130 superato
880 4064 969 4115 dextro
990 4065 1154 4115 Romanorum
1179 4079 1255 4116 cornu
1278 4067 1390 4124 Numidis

322 4154 542 4219 seguiterdextro
559 4167 636 4207 oernu
658 4153 827 4219 pugnantibus
850 4152 972 4205 auxilium
994 4152 1079 4205 tulisse
1101 4169 1289 4207 commemorare
1311 4159 1391 4209 omisit

323 4246 417 4297 Liuius.
431 4254 438 4277 1
453 4246 511 4295 item
536 4243 611 4309 paulo
638 4248 693 4310 pest
719 4256 803 4295 seeum
831 4246 956 4308 repugnat
977 4245 999 4295 si
1020 4241 1154 4295 Aemilium
1180 4242 1288 4293 Paulum
1316 4259 1393 4309 quem

322 4333 410 4385 dextro
434 4347 510 4385 cornu
531 4334 696 4399 praepositum
720 4348 773 4385 esse
797 4332 895 4383 dixerat
907 4331 1013 4383 ¹mediae
1031 4333 1095 4383 aciei
1111 4346 1228 4397 praeesse
1246 4339 1329 4383 narrat
1346 4341 1390 4384 aut

323 4402 421 4475 oblitus
432 4402 627 4480 commemorata
645 4419 711 4489 quod
729 4418 851 4488 Polybius
870 4422 1002 4480 enarrauit
1019 4418 1125 4473 Paulum
1145 4434 1190 4470 suo
1208 4434 1285 4471 cornu
1303 4423 1328 4471 in
1346 4420 1388 4471 iu-

323 4524 380 4575 gum
401 4522 473 4561 uerso
495 4510 522 4559 in
544 4508 650 4561 mediam
667 4512 745 4562 auiam
764 4525 817 4561 sese
836 4508 968 4560 contulisse
986 4512 1029 4559 aut
1047 4507 1122 4559 alium
1140 4512 1264 4559 auctorem
1282 4515 1388 4568 secutus

322 4600 365 4665 qui
386 4604 414 4649 ut
435 4597 566 4663 Appianas
588 4598 671 4649 Halm.
697 4598 729 4651 19
747 4596 843 4649 mediae
863 4600 926 4649 aeiai
944 4598 1033 4648 dueem
1045 4594 1127 4647 inisse
1145 4593 1278 4649 Aemilium
1296 4599 1344 4647 iam
1361 4599 1386 4647 iu

321 4689 390 4739 initio
408 4700 508 4753 pugnae
526 4683 675 4751 prodiderat.
