3417 5567
757 633 1102 700 -35—*

321 848 421 933 ipsius
454 846 613 913 Plutarchi
649 847 862 913 testimonium
898 845 973 931 (XI,
1010 845 1166 929 22-27).
1210 865 1285 911 num
1298 850 1393 929 post-

324 974 420 1037 quam
456 958 494 1018 ut
528 954 592 1019 iem
624 953 800 1021 monuimus
842 952 884 1017 de
921 951 1047 1022 aciebus
1084 952 1244 1017 instructis
1280 972 1301 1015 a
1338 944 1392 1015 Li·

323 1060 376 1125 uio
419 1059 605 1127 dissentiens
649 1060 843 1144 emptionem
881 1080 901 1123 a
940 1058 1092 1125 Marcello
1134 1058 1168 1125 in
1203 1058 1309 1126 hostes
1344 1057 1392 1122 lu·

323 1172 408 1233 ctum
445 1166 588 1233 narrauit
618 1167 668 1231 itu
699 1166 817 1249 pergit:
868 1169 1029 1248 Λέγονται
1060 1163 1119 1250 γὰρ
1158 1160 1242 1249 ὑπὲρ
1279 1186 1391 1230 παντα-

321 1273 497 1355 κισχιλίονς
518 1271 708 1353 ἀποθανεῖν,
730 1271 914 1339 duceremur
934 1267 972 1335 δὲ
993 1266 1160 1353 Ῥωμαίων
1181 1267 1221 1337 οὐ
1243 1270 1393 1342 πλείονος

321 1376 346 1469 ἢ
367 1382 603 1453 πεντακοσίους.
641 1372 680 1443 ‘0
702 1375 739 1445 δὲ
760 1381 881 1462 Λίβιος
903 1373 986 1445 οὕτω
1008 1373 1069 1460 μὲν
1091 1374 1130 1443 οὐ
1153 1376 1393 1460 διαβεβαιοῦται

320 1488 474 1568 γενέσθαι
495 1481 635 1573 μεγάλην
656 1470 752 1573 ἧτταν
773 1480 1117 1565 chremsmunster
1138 1479 1306 1559 τοσούτους
1331 1468 1393 1549 τοῖν

321 1592 496 1673 πολεμίοιν,
517 1590 608 1665 κλέος
630 1586 667 1655 δὲ
681 1592 764 1673 μέγα
777 1589 957 1676 Μαρκέλλῳ
979 1588 1032 1655 καὶ
1046 1583 1215 1672 Ῥωμαίοις
1239 1586 1275 1655 ἐκ
1288 1589 1393 1655 κακῶν

320 1692 445 1783 θάρσος
472 1690 538 1761 ἀπὸ
558 1696 614 1785 τῆς
640 1692 746 1783 μάχης
774 1692 895 1782 ἐκεῖνος
928 1690 1068 1781 ὑπάρξαι
1095 1692 1300 1778 θαυμαστὸν,
1329 1693 1391 1777 οὐχ

321 1798 366 1877 οἷς
388 1798 469 1889 πρὸς
491 1795 617 1885 ἄμαχον
640 1797 717 1867 οὐδὲ
736 1798 902 1890 ἀήττητον,
926 1798 1008 1867 ἀλλά
1028 1826 1058 1866 τι
1077 1801 1130 1867 καὶ
1153 1806 1276 1869 παθεῖν
1296 1799 1389 1870 δονά-

319 1932 419 1993 μενον
437 1908 712 1991 διαγωνιζομένοις
739 1908 906 1989 πολέμιον.
955 1907 1093 1990 respexit
1127 1913 1233 1973 autem
1265 1909 1390 1975 Plutar-

320 2014 399 2081 chus
427 2013 469 2079 nd
494 2012 564 2079 Liu.
590 2010 713 2089 XXIII,
741 2013 783 2077 16
806 2017 835 2095 ξ.
859 2011 1005 2077 15-16:
1027 2013 1103 2090 „uix
1125 2013 1270 2097 equidem
1291 2017 1392 2082 uusim

320 2121 477 2187 affirmare
505 2118 590 2203 quod
617 2118 746 2202 quidem
779 2124 921 2186 auctores
949 2123 1023 2183 sunt
1043 2117 1107 2184 duo
1128 2119 1216 2185 milia
1236 2127 1269 2186 ot
1290 2123 1391 2189 octin-

319 2231 432 2311 gentos
464 2224 601 2291 hostium
632 2242 739 2295 mesos
770 2244 834 2289 non
866 2223 938 2307 plus
970 2223 1146 2307 quingentis
1179 2225 1391 2295 Romenomm

320 2333 452 2401 emissis.
492 2329 553 2397 sod
586 2331 652 2397 siue
683 2334 774 2397 tante
801 2330 868 2397 siue
895 2329 996 2395 minor
1023 2330 1155 2395 motoris
1180 2331 1250 2410 fuit,
1281 2336 1390 2422 ingens

320 2462 360 2508 eo
387 2426 515 2506 diores
543 2458 581 2503 ec
607 2438 711 2505 nescio
734 2459 775 2503 en
799 2436 937 2503 maximo
957 2436 1011 2502 illo
1033 2436 1116 2504 bello
1137 2444 1227 2521 gesta
1247 2442 1304 2506 sit:
1326 2465 1390 2509 non

321 2546 406 2613 uinci
432 2545 516 2611 enim
543 2544 584 2628 eb
610 2544 787 2611 Hannibale
814 2543 1010 2609 uincentibus
1037 2544 1193 2612 difficilius
1214 2546 1274 2615 fuit
1295 2568 1390 2634 quam

319 2659 431 2739 postue
456 2652 613 2719 uincero.“
663 2673 735 2727 cum
761 2652 857 2735 igitur
882 2673 923 2717 ne
941 2672 1112 2745 ⁸(retrusorum
1134 2652 1261 2736 quidem
1281 2678 1390 2725 nume·

319 2780 392 2826 rum
413 2759 469 2842 qui
488 2760 523 2823 in
545 2758 655 2845 eodem
676 2758 759 2826 Liuii
779 2757 928 2825 locoerat
943 2796 986 2808 -
998 2778 1100 2842 neque
1121 2780 1285 2829 numerum
1306 2765 1391 2848 apud

319 2866 446 2933 hiuium
479 2870 658 2949 corruptum
693 2884 775 2943 esse,
808 2873 1000 2948 quemquam
1030 2870 1170 2931 eunome
1201 2866 1263 2934 loci
1293 2872 1390 2939 uerba

319 2976 470 3056 corrupta
490 2984 557 3037 esse
578 2972 641 3037 iam
663 2969 781 3035 dudum
804 2971 962 3053 cognitum
983 2975 1041 3047 est,
1063 2964 1316 3043 ullaosccausa
1335 2998 1391 3044 cur
1449 3042 1457 3059 ,

319 3080 513 3164 suspicemur
535 3116 577 3125 -—
610 3079 764 3162 receperit
784 3076 980 3154 Plutarchus,
1008 3082 1099 3161 patet
1126 3097 1148 3143 e
1171 3078 1262 3145 Liuio
1291 3080 1390 3149 solnm

318 3186 407 3253 illem
435 3185 621 3251 sententiam
647 3168 779 3269 petitam
805 3203 883 3260 esse,
912 3204 1075 3250 caesorum
1100 3190 1206 3251 eutem
1226 3206 1390 3255 numemm

320 3315 384 3360 non
400 3291 518 3357 minus
550 3296 646 3375 quent
677 3297 812 3357 ceteram
839 3290 886 3355 rei
907 3295 1013 3373 gestae
1034 3291 1245 3359 narrationem
1267 3314 1307 3359 ex
1327 3296 1391 3362 elio

319 3398 407 3465 fonte
429 3402 556 3481 sumpta
578 3416 654 3463 esso.
710 3418 748 3463 uc
779 3396 863 3461 Liuii
889 3396 987 3464 uerba
1008 3417 1049 3461 ne
1069 3397 1241 3481 inspexisse
1264 3400 1391 3484 quidem

320 3522 392 3573 cum
413 3505 517 3571 locum
544 3505 633 3571 illum
654 3504 778 3588 scripsit
801 3502 857 3569 sed
879 3525 918 3569 ex
939 3504 1087 3577 memorio
1108 3503 1280 3573 reddidisse
1302 3508 1390 3575 uide-

319 3616 373 3679 tur
394 3610 591 3689 Plutarchus,
614 3611 690 3694 quia
703 3630 814 3694 perum
830 3615 975 3675 accurato
991 3610 1056 3675 eius
1078 3611 1267 3679 sententiam
1287 3618 1390 3680 treus-

319 3717 404 3795 tulit
427 3716 492 3783 elia·
511 3716 642 3796 eddidit,
658 3717 721 3783 elio
741 3717 879 3783 iuuertit.
901 3717 1025 3781 etiamsi
1040 3721 1181 3783 extrema
1195 3717 1279 3783 Liuii
1293 3720 1391 3787 uerba

319 3845 385 3889 non
404 3823 471 3889 ium
490 3824 614 3907 integra
634 3828 718 3901 sunt,
739 3828 847 3891 tamen
869 3843 965 3906 quam
985 3825 1173 3917 sententium
1194 3827 1391 3908 proposuerit

319 3928 429 3998 Liuius
450 3949 514 3994 non
534 3934 639 4012 potest
653 3928 782 3996 dubium
797 3949 872 3993 osse
917 3935 991 3995 erat
1005 3929 1071 3999 fere
1091 3930 1178 3996 telis:
1201 3952 1286 4008 „non
1307 3933 1391 3999 uinci

319 4036 404 4103 euim
419 4034 460 4101 ab
475 4034 653 4101 Hannibale
662 4036 752 4103 uince
759 4034 803 4124 [re
820 4033 1028 4123 discelntibus
1045 4028 1201 4101 difficilius
1216 4036 1277 4101 fuit
1293 4059 1388 4121 quam

318 4146 430 4227 postea
452 4142 614 4220 uincere,“
642 4142 723 4207 sicut
749 4140 943 4224 Medwigius,
970 4141 1089 4207 emend.
1117 4142 1185 4207 Liu.
1214 4164 1285 4227 pag.
1315 4146 1390 4223 262,

319 4266 370 4315 uu
386 4248 407 4311 2
422 4248 594 4331 proposuit.
617 4246 667 4316 ab*
686 4267 751 4330 quo
771 4245 942 4330 plurimum
962 4246 1079 4313 distare
1102 4268 1184 4330 quae
1204 4246 1391 4315 Plutarchus

319 4352 451 4423 exbibet
468 4352 667 4419 menifestum
688 4357 744 4419 est.
773 4390 817 4401 --
838 4371 941 4435 neque
968 4353 1067 4436 magis
1088 4353 1251 4437 Polybium
1272 4354 1391 4421 fontem

317 4458 480 4530 Plutarchi
506 4458 612 4538 fuisse
639 4476 830 4544 quemquam
857 4458 961 4542 ipsum
982 4458 1092 4523 dehis
1114 4457 1208 4524 rebus
1231 4462 1391 4532 consulere

318 4565 410 4639 uobis
439 4585 502 4630 non
531 4564 614 4643 licet,
636 4564 722 4637 haud
744 4564 838 4630 dubie
860 4563 1017 4648 colligitur
1038 4585 1077 4632 ex
1099 4582 1137 4631 eo
1160 4564 1243 4647 quod
1265 4566 1390 4630 Plutar-

319 4672 396 4743 chus
426 4670 542 4737 iustum
569 4670 655 4757 apud
683 4670 796 4739 Nolon
818 4669 984 4738 uuonan
1003 4670 1185 4738 Marcellum
1208 4669 1247 4734 de
1269 4672 1390 4739 Hunni·

1148 4779 1178 4830 3·
1350 4790 1361 4832 Ι.
