3417 5567
759 639 1105 707 -αἰ-χ

324 854 424 939 ipsius
456 853 616 921 Plutarchi
652 853 865 920 testimonium
902 851 976 937 (XI,
1013 851 1169 935 2247)
1213 872 1289 917 nam
1309 856 1396 935 post-

326 980 423 1043 quam
459 965 497 1024 ut
530 960 595 1025 iam
627 960 804 1027 monuimus
845 958 887 1024 da
924 957 1050 1029 aoisbus
1087 958 1304 1023 instructisa
1341 950 1396 1021 Li-

326 1068 379 1133 uio
422 1065 608 1133 dissentiens
651 1066 846 1149 eruptionem
884 1086 904 1129 a
943 1063 1094 1132 Marcello
1137 1065 1171 1132 in
1206 1064 1312 1133 hostes
1347 1063 1396 1130 la-

326 1179 411 1239 ctam
447 1173 590 1239 nunaut
619 1174 667 1237 ita
702 1173 820 1256 pergit:
871 1175 1031 1255 Λέγονται
1063 1168 1122 1256 γὰρ
1161 1166 1245 1255 ὑπὲρ
1282 1192 1394 1237 ποντα-

324 1279 501 1361 ιιισχιλίονς
520 1276 711 1360 ἀποθανεῖν,
732 1277 917 1345 dominor
937 1272 975 1342 δὲ
996 1272 1162 1360 Ῥωμαίων
1184 1273 1223 1344 οὐ
1246 1276 1396 1349 πλείονας

323 1382 349 1476 ἢ
370 1388 606 1459 πεντακοσίους.
644 1379 683 1449 ‘0
705 1381 742 1450 δὲ
763 1387 884 1468 Λίβιος
906 1379 988 1451 οὕτω
1011 1379 1072 1467 μὲν
1095 1380 1132 1450 οὐ
1156 1383 1396 1467 διαβεβαιοῦται

323 1495 477 1575 γενέσθαι
497 1487 638 1579 μεγάλην
659 1476 755 1579 ἧπαν
775 1487 855 1556 οὐδὲ
869 1496 978 1557 mortu
990 1490 1120 1572 νοκροῦς
1141 1486 1310 1567 τοσούτους
1335 1474 1396 1555 αι’νν

323 1598 499 1680 πολεμίων,
519 1597 611 1671 κλέος
633 1593 670 1662 δὲ
684 1598 767 1680 μέγα
779 1596 960 1682 Μαρκέλλῳ
982 1594 1035 1661 καὶ
1049 1590 1218 1678 Ῥωμαίοις
1242 1592 1278 1661 ἐκ
1291 1596 1396 1662 κακῶν

323 1700 448 1789 θάρσος
475 1696 540 1769 ἀπὸ
561 1703 616 1791 τῆς
643 1698 749 1789 μάχης
777 1696 898 1789 ἐκείνοις
932 1696 1072 1786 ὑπάρξαι
1098 1698 1303 1785 θαυμαστὸν,
1333 1700 1395 1784 οὐχ

324 1805 369 1885 οἷς
391 1805 471 1896 πρὸς
493 1802 620 1892 ἄμαχον
643 1803 720 1874 οὐδὲ
739 1804 905 1897 (idumeos,
929 1804 1011 1874 ἀλλά
1031 1832 1061 1873 τι
1081 1806 1133 1875 καὶ
1156 1812 1279 1875 παθεῖν
1298 1806 1393 1877 δονά-

322 1938 421 1999 μονον
440 1915 715 1998 διαγωνιζομένοις
742 1915 909 1997 milipeda
958 1914 1096 1997 respexit
1130 1920 1236 1981 autem
1268 1915 1394 1981 Plutar-

323 2022 402 2087 chus
429 2020 472 2085 ud
497 2019 566 2085 Liu.
592 2018 716 2096 XXIII,
745 2020 786 2083 16
808 2024 838 2101 ὅ.
862 2018 1007 2085 15-16ι
1031 2020 1106 2097 „uix
1128 2020 1273 2104 equidem
1295 2023 1395 2089 ausim

323 2128 480 2195 affirmare
507 2125 593 2210 quod
621 2125 749 2209 quidun
782 2131 924 2193 auctores
952 2129 1026 2190 sunt
1047 2124 1110 2191 duo
1132 2126 1218 2193 milio
1239 2134 1271 2194 et
1293 2130 1394 2195 ostin-

322 2239 434 2318 gentos
467 2231 604 2297 hostium
634 2250 742 2301 osesos
772 2252 837 2297 non
870 2230 941 2314 plus
973 2231 1149 2314 quingentis
1182 2232 1394 2303 Romanorum

322 2340 455 2407 amissis.
494 2336 555 2403 sed
588 2338 655 2405 siue
686 2342 777 2403 tanta
804 2338 871 2403 siue
898 2336 999 2401 minor
1026 2336 1157 2403 uictoria
1184 2338 1253 2418 fuit,
1285 2343 1393 2429 ingens

322 2469 362 2515 eo
389 2446 441 2513 die
468 2466 518 2511 res
546 2465 583 2511 ao
610 2446 715 2511 neseio
736 2466 778 2510 an
802 2443 939 2509 maxima
960 2444 1014 2509 illo
1036 2443 1119 2511 bello
1140 2450 1230 2527 gesta
1251 2448 1307 2515 sit:
1330 2472 1393 2517 non

323 2553 410 2619 uinci
435 2552 519 2617 enim
545 2551 586 2635 ab
613 2551 791 2618 Hannibale
817 2550 1013 2617 uincentibus
1041 2550 1195 2620 difficilius
1217 2554 1279 2623 fuit
1298 2574 1393 2640 quam

321 2667 434 2746 postea
459 2659 616 2725 uinoere.“
665 2680 738 2735 eum
763 2659 859 2742 igitur
885 2680 926 2723 no
945 2678 1115 2753 *caesorum
1137 2659 1264 2743 quidem
1284 2685 1394 2731 numo-

322 2788 395 2833 rum
417 2765 472 2851 qni
491 2767 526 2831 in
547 2765 658 2852 eodem
679 2765 762 2834 Liuii
783 2766 931 2831 loooerat
947 2784 1103 2849 -nequo
1124 2786 1288 2835 numerum
1309 2772 1394 2855 apud

322 2874 449 2940 Liuium
473 2878 662 2956 surruptum
695 2891 779 2949 esse,
811 2879 1002 2955 quamquam
1033 2877 1173 2939 extrema
1204 2874 1266 2941 looi
1296 2878 1393 2946 uerba

322 2983 473 3064 corrupta
493 2991 560 3045 esse
580 2979 644 3044 iam
665 2977 784 3043 dudum
806 2978 965 3060 cognitum
987 2982 1044 3055 est,
1066 2978 1132 3046 ullo
1144 2986 1203 3045 test
1215 2972 1319 3049 ¹causa
1338 3005 1394 3051 our
1453 3050 1460 3066 ,

321 3087 516 3171 suspicemur
537 3123 580 3133 -
612 3086 767 3169 receperit
786 3083 983 3162 Plutarchus,
1011 3088 1102 3169 potet
1126 3104 1150 3155 ,e
1174 3085 1266 3153 Liuio
1294 3087 1393 3156 solum

321 3193 410 3259 illam
437 3192 624 3258 sententiam
649 3176 782 3276 petitam
808 3210 886 3268 esse,
914 3210 1077 3257 caesorum
1104 3196 1209 3257 autern
1230 3212 1393 3263 numerum

321 3322 387 3367 non
417 3299 521 3365 minus
552 3303 649 3382 quani
679 3304 816 3366 oeteram
841 3297 889 3361 rei
910 3302 1016 3381 gestae
1038 3298 1248 3367 narrationem
1270 3320 1310 3367 ex
1331 3304 1394 3369 alio

320 3406 410 3472 fonte
431 3410 559 3488 sumpta
580 3424 658 3470 esse.
713 3425 751 3471 ao
782 3403 865 3470 Liuii
892 3403 990 3473 uerba
1011 3424 1052 3469 ne
1072 3404 1244 3487 inspexisse
1267 3407 1394 3491 quidem
1471 3413 1472 3417 ’

322 3530 396 3579 oum
416 3513 520 3580 locum
546 3512 636 3577 illum
657 3512 781 3595 scripsit
804 3510 860 3577 sod
882 3532 921 3577 ex
942 3512 1090 3583 momoria
1111 3512 1283 3581 reddidisse
1305 3515 1393 3581 uide·

321 3625 376 3686 tur
397 3617 594 3696 Plutarchus,
617 3618 693 3702 quia
706 3638 818 3701 parum
832 3622 978 3683 onomate
994 3618 1060 3683 sius
1082 3618 1270 3687 sententiam
1290 3625 1393 3687 traus-

322 3725 407 3802 tulit,
430 3724 495 3791 alia
514 3723 645 3803 addidit,
661 3724 724 3791 alia
744 3724 882 3789 inuertit.
905 3724 1027 3789 etiamsi
1043 3729 1184 3791 extrema
1199 3724 1282 3791 Liuii
1296 3727 1394 3795 uerba

321 3852 387 3897 non
407 3829 474 3897 iam
494 3831 617 3915 integra
637 3836 721 3909 sunt,
742 3836 850 3898 umen
872 3850 968 3914 quam
989 3832 1176 3925 sententiam
1197 3834 1395 3915 proposuerit

321 3936 432 4005 liuius
453 3957 517 4001 non
537 3942 643 4020 potest
656 3936 785 4003 dubium
799 3957 876 4003 esso.
920 3942 994 4003 erat
1009 3937 1074 4007 fere
1095 3938 1182 4003 telis:
1205 3959 1289 4015 „non
1310 3941 1394 4007 uinoi

322 4044 407 4111 enim
421 4042 463 4110 ab
477 4042 656 4109 Hannibale
665 4042 807 4131 uinoelre
823 4040 1031 4131 discelntibus
1047 4036 1204 4110 difficilius
1219 4044 1280 4109 fuit
1296 4066 1391 4129 quam

321 4154 434 4235 postea
454 4149 617 4228 uincere,“
645 4150 727 4215 sicut
752 4148 945 4232 Madwigius,
973 4148 1092 4217 emend.
1120 4149 1188 4216 Liu.
1217 4170 1288 4235 pag.
1318 4153 1393 4231 262,

322 4274 373 4321 an.
389 4255 410 4319 2
424 4255 597 4339 proposuit.
619 4254 661 4321 ab
690 4275 754 4339 qua
774 4254 944 4338 plurimum
966 4253 1083 4321 distare
1105 4274 1187 4338 quae
1207 4254 1394 4324 Plutarohus

322 4359 450 4429 exhibet
471 4360 670 4427 manifestm
691 4366 747 4427 est
775 4398 820 4409 -·-
841 4378 943 4443 neque
971 4360 1070 4444 map's
1090 4359 1254 4444 Polybium
1275 4362 1394 4429 fontem

320 4465 484 4534 Plutarchi
509 4465 616 4546 fiune,
642 4485 834 4551 quamquam
860 4466 964 4550 ipsum
985 4465 1025 4531 de
1047 4466 1096 4531 his
1117 4464 1211 4531 rebus
1234 4468 1394 4539 considere

321 4572 413 4641 nobis
441 4592 506 4638 non
534 4572 617 4652 lieet,
639 4571 841 4644 hauddubie
864 4571 1020 4656 oolligiluu
1041 4591 1080 4637 ex
1103 4592 1140 4638 eo
1163 4571 1247 4655 quod
1268 4574 1393 4639 Plutar-

321 4678 400 4749 cous
429 4678 545 4745 iustam
572 4678 658 4765 apud
686 4678 799 4748 Nolam
821 4677 988 4749 uictoriam
1006 4678 1188 4745 Mareellum
1211 4677 1250 4742 do
1273 4679 1393 4746 Hanni-

1152 4786 1181 4838 3.
1360 4797 1364 4802 ,
