<?xml version="1.0" encoding="UTF-8"?>
<!DOCTYPE html PUBLIC "-//W3C//DTD XHTML 1.0 Transitional//EN"
    "http://www.w3.org/TR/xhtml1/DTD/xhtml1-transitional.dtd">
<html xmlns="http://www.w3.org/1999/xhtml" xml:lang="en" lang="en">
 <head>
  <title>
</title>
<meta http-equiv="Content-Type" content="text/html;charset=utf-8" />
  <meta name='ocr-system' content='tesseract 3.04.00' />
  <meta name='ocr-capabilities' content='ocr_page ocr_carea ocr_par ocr_line ocrx_word'/>
</head>
<body>
  <div class='ocr_page' id='page_1' title='image "./quibusfontibusp01buchgoog_0046.png"; bbox 0 0 3417 5567; ppageno 0'>
   <div class='ocr_carea' id='block_1_1' title="bbox 763 662 981 729">
    <p class='ocr_par' dir='ltr' id='par_1_1' title="bbox 763 662 981 729">
     <span class='ocr_line' id='line_1_1' title="bbox 763 662 981 729; baseline 0.005 -19"><span class='ocrx_word' id='word_1_1' title='bbox 763 662 981 729; x_wconf 65' lang='lat'>..32-</span> 
     </span>
    </p>
   </div>
   <div class='ocr_carea' id='block_1_2' title="bbox 269 873 1410 3933">
    <p class='ocr_par' dir='ltr' id='par_1_2' title="bbox 269 873 1410 3933">
     <span class='ocr_line' id='line_1_2' title="bbox 306 873 1406 963; baseline 0.005 -24"><span class='ocrx_word' id='word_1_2' title='bbox 306 877 310 881; x_wconf 42' lang='lat'><em>*</em></span> <span class='ocrx_word' id='word_1_3' title='bbox 338 874 583 940; x_wconf 87' lang='lat' dir='ltr'>demonstratum</span> <span class='ocrx_word' id='word_1_4' title='bbox 610 873 732 939; x_wconf 88' lang='lat' dir='ltr'>sithoc</span> <span class='ocrx_word' id='word_1_5' title='bbox 759 873 828 940; x_wconf 93' lang='lat' dir='ltr'>loco</span> <span class='ocrx_word' id='word_1_6' title='bbox 850 874 969 958; x_wconf 89' lang='lat' dir='ltr'>optimo</span> <span class='ocrx_word' id='word_1_7' title='bbox 991 875 1059 939; x_wconf 91' lang='lat' dir='ltr'>iure</span> <span class='ocrx_word' id='word_1_8' title='bbox 1081 875 1240 955; x_wconf 83' lang='lat' dir='ltr'>conicitur,</span> <span class='ocrx_word' id='word_1_9' title='bbox 1264 898 1406 963; x_wconf 84' lang='lat' dir='ltr'>praeser-</span> 
     </span>
     <span class='ocr_line' id='line_1_3' title="bbox 338 980 1409 1068; baseline 0.007 -23"><span class='ocrx_word' id='word_1_10' title='bbox 338 982 396 1045; x_wconf 92' lang='lat' dir='ltr'>tim</span> <span class='ocrx_word' id='word_1_11' title='bbox 418 1001 488 1045; x_wconf 93' lang='lat' dir='ltr'>cum</span> <span class='ocrx_word' id='word_1_12' title='bbox 506 1001 666 1063; x_wconf 91' lang='lat' dir='ltr'>nunquam</span> <span class='ocrx_word' id='word_1_13' title='bbox 686 981 769 1045; x_wconf 90' lang='lat' dir='ltr'>inter</span> <span class='ocrx_word' id='word_1_14' title='bbox 790 1002 824 1046; x_wconf 91' lang='lat' dir='ltr'>se</span> <span class='ocrx_word' id='word_1_15' title='bbox 846 980 1041 1060; x_wconf 74' lang='lat' dir='ltr'>dissentiant,</span> <span class='ocrx_word' id='word_1_16' title='bbox 1065 982 1105 1047; x_wconf 90' lang='lat' dir='ltr'>ab</span> <span class='ocrx_word' id='word_1_17' title='bbox 1127 982 1279 1068; x_wconf 88' lang='lat' dir='ltr'>Eutropio</span> <span class='ocrx_word' id='word_1_18' title='bbox 1302 992 1409 1053; x_wconf 87' lang='lat' dir='ltr'>autem</span> 
     </span>
     <span class='ocr_line' id='line_1_4' title="bbox 337 1086 1410 1175; baseline 0.004 -23"><span class='ocrx_word' id='word_1_19' title='bbox 337 1088 474 1173; x_wconf 89' lang='lat' dir='ltr'>pendere</span> <span class='ocrx_word' id='word_1_20' title='bbox 507 1086 651 1152; x_wconf 89' lang='lat' dir='ltr'>Orosium</span> <span class='ocrx_word' id='word_1_21' title='bbox 682 1089 736 1172; x_wconf 91' lang='lat' dir='ltr'>qui</span> <span class='ocrx_word' id='word_1_22' title='bbox 768 1089 868 1153; x_wconf 92' lang='lat' dir='ltr'>multo</span> <span class='ocrx_word' id='word_1_23' title='bbox 902 1089 1000 1154; x_wconf 87' lang='lat' dir='ltr'>fusius</span> <span class='ocrx_word' id='word_1_24' title='bbox 1033 1110 1083 1155; x_wconf 90' lang='lat' dir='ltr'>res</span> <span class='ocrx_word' id='word_1_25' title='bbox 1114 1091 1293 1175; x_wconf 83' lang='lat' dir='ltr'>exposuerit</span> <span class='ocrx_word' id='word_1_26' title='bbox 1323 1092 1410 1157; x_wconf 86' lang='lat' dir='ltr'>credi</span> 
     </span>
     <span class='ocr_line' id='line_1_5' title="bbox 338 1192 1409 1278; baseline 0.004 -19"><span class='ocrx_word' id='word_1_27' title='bbox 338 1215 402 1259; x_wconf 92' lang='lat' dir='ltr'>non</span> <span class='ocrx_word' id='word_1_28' title='bbox 428 1192 536 1278; x_wconf 86' lang='lat' dir='ltr'>possit.</span> <span class='ocrx_word' id='word_1_29' title='bbox 587 1199 682 1277; x_wconf 89' lang='lat' dir='ltr'>atque</span> <span class='ocrx_word' id='word_1_30' title='bbox 710 1215 773 1258; x_wconf 90' lang='lat' dir='ltr'>non</span> <span class='ocrx_word' id='word_1_31' title='bbox 801 1195 902 1259; x_wconf 91' lang='lat' dir='ltr'>solum</span> <span class='ocrx_word' id='word_1_32' title='bbox 925 1214 1005 1278; x_wconf 91' lang='lat' dir='ltr'>quae</span> <span class='ocrx_word' id='word_1_33' title='bbox 1029 1196 1171 1261; x_wconf 77' lang='lat' dir='ltr'>manauit</span> <span class='ocrx_word' id='word_1_34' title='bbox 1192 1195 1300 1262; x_wconf 88' lang='lat' dir='ltr'>Liuius</span> <span class='ocrx_word' id='word_1_35' title='bbox 1322 1218 1409 1263; x_wconf 88' lang='lat' dir='ltr'>sum·</span> 
     </span>
     <span class='ocr_line' id='line_1_6' title="bbox 338 1298 1406 1377; baseline 0.001 -10"><span class='ocrx_word' id='word_1_36' title='bbox 338 1301 448 1367; x_wconf 90' lang='lat' dir='ltr'>matim</span> <span class='ocrx_word' id='word_1_37' title='bbox 480 1298 627 1377; x_wconf 70' lang='lat' dir='ltr'>referiunt,</span> <span class='ocrx_word' id='word_1_38' title='bbox 660 1299 717 1363; x_wconf 91' lang='lat' dir='ltr'>sed</span> <span class='ocrx_word' id='word_1_39' title='bbox 750 1300 844 1365; x_wconf 89' lang='lat' dir='ltr'>etiam</span> <span class='ocrx_word' id='word_1_40' title='bbox 872 1299 954 1365; x_wconf 92' lang='lat' dir='ltr'>unde</span> <span class='ocrx_word' id='word_1_41' title='bbox 984 1300 1123 1367; x_wconf 86' lang='lat' dir='ltr'>hauserit</span> <span class='ocrx_word' id='word_1_42' title='bbox 1145 1324 1183 1368; x_wconf 90' lang='lat' dir='ltr'>ea</span> <span class='ocrx_word' id='word_1_43' title='bbox 1205 1303 1319 1369; x_wconf 91' lang='lat' dir='ltr'>docent</span> <span class='ocrx_word' id='word_1_44' title='bbox 1340 1326 1406 1370; x_wconf 91' lang='lat' dir='ltr'>nos.</span> 
     </span>
     <span class='ocr_line' id='line_1_7' title="bbox 339 1405 1407 1490; baseline 0.003 -19"><span class='ocrx_word' id='word_1_45' title='bbox 339 1406 380 1473; x_wconf 93' lang='lat' dir='ltr'>de</span> <span class='ocrx_word' id='word_1_46' title='bbox 401 1407 519 1490; x_wconf 87' lang='lat' dir='ltr'>ingenti</span> <span class='ocrx_word' id='word_1_47' title='bbox 541 1405 622 1470; x_wconf 89' lang='lat' dir='ltr'>enim</span> <span class='ocrx_word' id='word_1_48' title='bbox 649 1405 724 1469; x_wconf 92' lang='lat' dir='ltr'>belli</span> <span class='ocrx_word' id='word_1_49' title='bbox 747 1412 902 1490; x_wconf 85' lang='lat' dir='ltr'>apparatu</span> <span class='ocrx_word' id='word_1_50' title='bbox 923 1405 1109 1473; x_wconf 87' lang='lat' dir='ltr'>disserentes</span> <span class='ocrx_word' id='word_1_51' title='bbox 1132 1407 1270 1473; x_wconf 87' lang='lat' dir='ltr'>adiciunt</span> <span class='ocrx_word' id='word_1_52' title='bbox 1292 1410 1407 1475; x_wconf 87' lang='lat' dir='ltr'>Eutro-</span> 
     </span>
     <span class='ocr_line' id='line_1_8' title="bbox 337 1511 1406 1599; baseline 0.003 -20"><span class='ocrx_word' id='word_1_53' title='bbox 337 1514 423 1599; x_wconf 84' lang='lat' dir='ltr'>pius:</span> <span class='ocrx_word' id='word_1_54' title='bbox 451 1512 684 1595; x_wconf 88' lang='lat' dir='ltr'>„traditumque</span> <span class='ocrx_word' id='word_1_55' title='bbox 711 1517 760 1576; x_wconf 89' lang='lat' dir='ltr'>est</span> <span class='ocrx_word' id='word_1_56' title='bbox 782 1532 802 1576; x_wconf 89' lang='lat' dir='ltr'>a</span> <span class='ocrx_word' id='word_1_57' title='bbox 823 1511 921 1577; x_wconf 86' lang='lat' dir='ltr'>Fabio</span> <span class='ocrx_word' id='word_1_58' title='bbox 943 1512 1095 1578; x_wconf 82' lang='lat' dir='ltr'>historico¹</span> <span class='ocrx_word' id='word_1_59' title='bbox 1114 1515 1168 1597; x_wconf 91' lang='lat' dir='ltr'>qui</span> <span class='ocrx_word' id='word_1_60' title='bbox 1202 1515 1231 1579; x_wconf 91' lang='lat' dir='ltr'>ei</span> <span class='ocrx_word' id='word_1_61' title='bbox 1253 1514 1335 1581; x_wconf 89' lang='lat' dir='ltr'>bello</span> <span class='ocrx_word' id='word_1_62' title='bbox 1357 1517 1406 1581; x_wconf 92' lang='lat' dir='ltr'>in-</span> 
     </span>
     <span class='ocr_line' id='line_1_9' title="bbox 338 1611 1406 1703; baseline 0.003 -19"><span class='ocrx_word' id='word_1_63' title='bbox 338 1611 486 1696; x_wconf 74' lang='lat' dir='ltr'>teriirit,“¹</span> <span class='ocrx_word' id='word_1_64' title='bbox 500 1618 642 1683; x_wconf 83' lang='lat' dir='ltr'>Orosius:</span> <span class='ocrx_word' id='word_1_65' title='bbox 666 1618 769 1695; x_wconf 89' lang='lat' dir='ltr'>„sicut</span> <span class='ocrx_word' id='word_1_66' title='bbox 788 1619 907 1683; x_wconf 79' lang='lat' dir='ltr'>Fabius</span> <span class='ocrx_word' id='word_1_67' title='bbox 926 1613 1091 1684; x_wconf 83' lang='lat' dir='ltr'>historicus</span> <span class='ocrx_word' id='word_1_68' title='bbox 1112 1621 1169 1703; x_wconf 85' lang='lat' dir='ltr'>qui</span> <span class='ocrx_word' id='word_1_69' title='bbox 1199 1621 1301 1687; x_wconf 91' lang='lat' dir='ltr'>eidem</span> <span class='ocrx_word' id='word_1_70' title='bbox 1322 1622 1406 1687; x_wconf 89' lang='lat' dir='ltr'>bello</span> 
     </span>
     <span class='ocr_line' id='line_1_10' title="bbox 337 1724 1407 1813; baseline 0.004 -22"><span class='ocrx_word' id='word_1_71' title='bbox 337 1724 481 1791; x_wconf 78' lang='lat' dir='ltr'>interfuit</span> <span class='ocrx_word' id='word_1_72' title='bbox 507 1724 688 1807; x_wconf 71' lang='lat' dir='ltr'>scripsit“÷=</span> <span class='ocrx_word' id='word_1_73' title='bbox 704 1746 777 1813; x_wconf 88' lang='lat' dir='ltr'>non</span> <span class='ocrx_word' id='word_1_74' title='bbox 795 1730 902 1789; x_wconf 85' lang='lat' dir='ltr'>eutem</span> <span class='ocrx_word' id='word_1_75' title='bbox 920 1726 1021 1809; x_wconf 87' lang='lat' dir='ltr'>ipsius</span> <span class='ocrx_word' id='word_1_76' title='bbox 1042 1724 1133 1791; x_wconf 84' lang='lat' dir='ltr'>Fabii</span> <span class='ocrx_word' id='word_1_77' title='bbox 1154 1724 1286 1793; x_wconf 90' lang='lat' dir='ltr'>Pictoris</span> <span class='ocrx_word' id='word_1_78' title='bbox 1308 1748 1407 1795; x_wconf 88' lang='lat' dir='ltr'>anna·</span> 
     </span>
     <span class='ocr_line' id='line_1_11' title="bbox 337 1828 1407 1920; baseline 0.004 -23"><span class='ocrx_word' id='word_1_79' title='bbox 337 1833 383 1897; x_wconf 90' lang='lat' dir='ltr'>les</span> <span class='ocrx_word' id='word_1_80' title='bbox 410 1852 464 1898; x_wconf 87' lang='lat' dir='ltr'>eos</span> <span class='ocrx_word' id='word_1_81' title='bbox 492 1828 672 1915; x_wconf 73' lang='lat' dir='ltr'>inspexisse,¹</span> <span class='ocrx_word' id='word_1_82' title='bbox 700 1830 757 1895; x_wconf 90' lang='lat' dir='ltr'>sed</span> <span class='ocrx_word' id='word_1_83' title='bbox 781 1831 898 1895; x_wconf 87' lang='lat' dir='ltr'>nomen</span> <span class='ocrx_word' id='word_1_84' title='bbox 919 1832 985 1896; x_wconf 86' lang='lat' dir='ltr'>eius</span> <span class='ocrx_word' id='word_1_85' title='bbox 1007 1852 1024 1897; x_wconf 95' lang='lat' dir='ltr'>e</span> <span class='ocrx_word' id='word_1_86' title='bbox 1047 1832 1140 1897; x_wconf 76' lang='lat' dir='ltr'>hirtio</span> <span class='ocrx_word' id='word_1_87' title='bbox 1159 1835 1407 1920; x_wconf 75' lang='lat' dir='ltr'>uanmmipsisse</span> 
     </span>
     <span class='ocr_line' id='line_1_12' title="bbox 340 1938 1407 2020; baseline 0.003 -16"><span class='ocrx_word' id='word_1_88' title='bbox 340 1960 431 2004; x_wconf 89' lang='lat' dir='ltr'>nemo</span> <span class='ocrx_word' id='word_1_89' title='bbox 452 1958 516 2003; x_wconf 92' lang='lat' dir='ltr'>non</span> <span class='ocrx_word' id='word_1_90' title='bbox 534 1938 699 2020; x_wconf 75' lang='lat' dir='ltr'>intellegit.</span> <span class='ocrx_word' id='word_1_91' title='bbox 741 1939 813 2002; x_wconf 28' lang='lat' dir='ltr'>siam</span> <span class='ocrx_word' id='word_1_92' title='bbox 834 1958 911 2003; x_wconf 87' lang='lat' dir='ltr'>uero</span> <span class='ocrx_word' id='word_1_93' title='bbox 933 1955 1004 2002; x_wconf 87' lang='lat' dir='ltr'>cum</span> <span class='ocrx_word' id='word_1_94' title='bbox 1017 1938 1164 2005; x_wconf 89' lang='lat' dir='ltr'>·Zonarae</span> <span class='ocrx_word' id='word_1_95' title='bbox 1186 1940 1312 2007; x_wconf 85' lang='lat' dir='ltr'>uberior</span> <span class='ocrx_word' id='word_1_96' title='bbox 1331 1942 1407 2007; x_wconf 88' lang='lat' dir='ltr'>belli</span> 
     </span>
     <span class='ocr_line' id='line_1_13' title="bbox 339 2042 1407 2130; baseline 0.004 -21"><span class='ocrx_word' id='word_1_97' title='bbox 339 2044 507 2128; x_wconf 77' lang='lat' dir='ltr'>descriptio</span> <span class='ocrx_word' id='word_1_98' title='bbox 525 2044 677 2113; x_wconf 72' lang='lat' dir='ltr'>,concinat</span> <span class='ocrx_word' id='word_1_99' title='bbox 700 2049 734 2107; x_wconf 90' lang='lat' dir='ltr'>et</span> <span class='ocrx_word' id='word_1_100' title='bbox 772 2049 923 2126; x_wconf 68' lang='lat' dir='ltr'>compunt</span> <span class='ocrx_word' id='word_1_101' title='bbox 954 2064 1026 2109; x_wconf 87' lang='lat' dir='ltr'>cum</span> <span class='ocrx_word' id='word_1_102' title='bbox 1047 2042 1198 2130; x_wconf 81' lang='lat' dir='ltr'>Eutropio</span> <span class='ocrx_word' id='word_1_103' title='bbox 1225 2052 1259 2111; x_wconf 93' lang='lat' dir='ltr'>et</span> <span class='ocrx_word' id='word_1_104' title='bbox 1286 2046 1407 2125; x_wconf 84' lang='lat' dir='ltr'>Oresio,</span> 
     </span>
     <span class='ocr_line' id='line_1_14' title="bbox 339 2144 1408 2237; baseline 0.004 -22"><span class='ocrx_word' id='word_1_105' title='bbox 339 2152 394 2216; x_wconf 82' lang='lat' dir='ltr'>uix</span> <span class='ocrx_word' id='word_1_106' title='bbox 416 2149 552 2215; x_wconf 77' lang='lat' dir='ltr'>dubitari</span> <span class='ocrx_word' id='word_1_107' title='bbox 568 2144 675 2232; x_wconf 77' lang='lat' dir='ltr'>potest</span> <span class='ocrx_word' id='word_1_108' title='bbox 691 2148 768 2233; x_wconf 93' lang='lat' dir='ltr'>quin</span> <span class='ocrx_word' id='word_1_109' title='bbox 784 2149 865 2214; x_wconf 80' lang='lat' dir='ltr'>‘item</span> <span class='ocrx_word' id='word_1_110' title='bbox 888 2150 948 2215; x_wconf 89' lang='lat' dir='ltr'>Dio</span> <span class='ocrx_word' id='word_1_111' title='bbox 971 2150 1105 2229; x_wconf 75' lang='lat' dir='ltr'>(lessius,</span> <span class='ocrx_word' id='word_1_112' title='bbox 1129 2172 1222 2235; x_wconf 89' lang='lat' dir='ltr'>quem</span> <span class='ocrx_word' id='word_1_113' title='bbox 1245 2154 1408 2237; x_wconf 85' lang='lat' dir='ltr'>exscripsit</span> 
     </span>
     <span class='ocr_line' id='line_1_15' title="bbox 339 2254 1405 2341; baseline 0.003 -18"><span class='ocrx_word' id='word_1_114' title='bbox 339 2259 486 2334; x_wconf 68' lang='lat' dir='ltr'>Zonaras</span> <span class='ocrx_word' id='word_1_115' title='bbox 508 2261 604 2339; x_wconf 86' lang='lat' dir='ltr'>atque</span> <span class='ocrx_word' id='word_1_116' title='bbox 626 2256 734 2321; x_wconf 79' lang='lat' dir='ltr'>Limus</span> <span class='ocrx_word' id='word_1_117' title='bbox 755 2254 1057 2341; x_wconf 82' lang='lat' dir='ltr'>PcbinmPictorem</span> <span class='ocrx_word' id='word_1_118' title='bbox 1072 2263 1231 2324; x_wconf 81' lang='lat' dir='ltr'>auctorem</span> <span class='ocrx_word' id='word_1_119' title='bbox 1252 2256 1405 2325; x_wconf 81' lang='lat' dir='ltr'>habuerit.</span> 
     </span>
     <span class='ocr_line' id='line_1_16' title="bbox 339 2360 1410 2457; baseline 0.003 -28"><span class='ocrx_word' id='word_1_120' title='bbox 339 2364 381 2429; x_wconf 86' lang='lat' dir='ltr'>ab</span> <span class='ocrx_word' id='word_1_121' title='bbox 407 2362 468 2428; x_wconf 84' lang='lat' dir='ltr'>hac</span> <span class='ocrx_word' id='word_1_122' title='bbox 493 2382 569 2426; x_wconf 86' lang='lat' dir='ltr'>uem</span> <span class='ocrx_word' id='word_1_123' title='bbox 595 2360 741 2427; x_wconf 56' lang='lat' dir='ltr'>‘rabam</span> <span class='ocrx_word' id='word_1_124' title='bbox 766 2363 944 2457; x_wconf 77' lang='lat' dir='ltr'>narratione</span> <span class='ocrx_word' id='word_1_125' title='bbox 971 2374 1162 2451; x_wconf 82' lang='lat' dir='ltr'>quamquam</span> <span class='ocrx_word' id='word_1_126' title='bbox 1188 2384 1282 2453; x_wconf 86' lang='lat' dir='ltr'>saepe</span> <span class='ocrx_word' id='word_1_127' title='bbox 1308 2366 1410 2455; x_wconf 50' lang='lat' dir='ltr'>pluri&lt;</span> 
     </span>
     <span class='ocr_line' id='line_1_17' title="bbox 339 2466 1405 2555; baseline 0.001 -19"><span class='ocrx_word' id='word_1_128' title='bbox 339 2468 700 2554; x_wconf 88' lang='lat' dir='ltr'>mumdistatPolybius,</span> <span class='ocrx_word' id='word_1_129' title='bbox 711 2466 743 2555; x_wconf 72' lang='lat'>³¹)</span> <span class='ocrx_word' id='word_1_130' title='bbox 765 2475 871 2535; x_wconf 88' lang='lat' dir='ltr'>tamen</span> <span class='ocrx_word' id='word_1_131' title='bbox 881 2469 1017 2536; x_wconf 86' lang='lat' dir='ltr'>&#39;Fabium</span> <span class='ocrx_word' id='word_1_132' title='bbox 1032 2470 1190 2535; x_wconf 83' lang='lat' dir='ltr'>Pictorem·</span> <span class='ocrx_word' id='word_1_133' title='bbox 1208 2471 1261 2537; x_wconf 73' lang='lat' dir='ltr'>ab&#39;</span> <span class='ocrx_word' id='word_1_134' title='bbox 1272 2492 1309 2537; x_wconf 87' lang='lat' dir='ltr'>co</span> <span class='ocrx_word' id='word_1_135' title='bbox 1331 2492 1405 2537; x_wconf 90' lang='lat' dir='ltr'>con·</span> 
     </span>
     <span class='ocr_line' id='line_1_18' title="bbox 339 2576 1405 2665; baseline 0.003 -24"><span class='ocrx_word' id='word_1_136' title='bbox 339 2577 566 2641; x_wconf 62' lang='lat' dir='ltr'>sultumssesse‘</span> <span class='ocrx_word' id='word_1_137' title='bbox 580 2576 742 2641; x_wconf 81' lang='lat' dir='ltr'>cumaliis</span> <span class='ocrx_word' id='word_1_138' title='bbox 765 2596 845 2665; x_wconf 87' lang='lat' dir='ltr'>quae</span> <span class='ocrx_word' id='word_1_139' title='bbox 868 2576 1048 2663; x_wconf 81' lang='lat' dir='ltr'>conspirant</span> <span class='ocrx_word' id='word_1_140' title='bbox 1068 2596 1142 2641; x_wconf 91' lang='lat' dir='ltr'>cum</span> <span class='ocrx_word' id='word_1_141' title='bbox 1164 2578 1275 2643; x_wconf 84' lang='lat' dir='ltr'>ceteris</span> <span class='ocrx_word' id='word_1_142' title='bbox 1297 2585 1405 2644; x_wconf 89' lang='lat' dir='ltr'>aucto-</span> 
     </span>
     <span class='ocr_line' id='line_1_19' title="bbox 269 2666 1405 2785; baseline 0.004 -37"><span class='ocrx_word' id='word_1_143' title='bbox 269 2768 275 2785; x_wconf 17' lang='lat'>*</span> <span class='ocrx_word' id='word_1_144' title='bbox 339 2684 425 2749; x_wconf 73' lang='lat' dir='ltr'>aas</span> <span class='ocrx_word' id='word_1_145' title='bbox 458 2682 612 2768; x_wconf 56' lang='lat' dir='ltr'>amru,</span> <span class='ocrx_word' id='word_1_146' title='bbox 644 2683 703 2768; x_wconf 82' lang='lat' dir='ltr'>aa)</span> <span class='ocrx_word' id='word_1_147' title='bbox 733 2682 851 2748; x_wconf 65' lang='lat' dir='ltr'>uersa:</span> <span class='ocrx_word' id='word_1_148' title='bbox 870 2683 969 2749; x_wconf 70' lang='lat' dir='ltr'>aaa</span> <span class='ocrx_word' id='word_1_149' title='bbox 997 2666 1038 2774; x_wconf 69' lang='grc' dir='ltr'>ἦν</span> <span class='ocrx_word' id='word_1_150' title='bbox 1067 2682 1120 2752; x_wconf 62' lang='grc' dir='ltr'>καὶ</span> <span class='ocrx_word' id='word_1_151' title='bbox 1150 2680 1340 2768; x_wconf 65' lang='lat' dir='ltr'>napaeas</span> <span class='ocrx_word' id='word_1_152' title='bbox 1369 2682 1405 2752; x_wconf 69' lang='lat' dir='ltr'>a</span> 
     </span>
     <span class='ocr_line' id='line_1_20' title="bbox 340 2786 1408 2878; baseline 0 -21"><span class='ocrx_word' id='word_1_153' title='bbox 340 2794 518 2874; x_wconf 75' lang='grc' dir='ltr'><em>συμβαῖνον</em></span> <span class='ocrx_word' id='word_1_154' title='bbox 537 2796 603 2865; x_wconf 73' lang='grc' dir='ltr'>τοῖς</span> <span class='ocrx_word' id='word_1_155' title='bbox 623 2787 662 2856; x_wconf 72' lang='grc' dir='ltr'>ἐν</span> <span class='ocrx_word' id='word_1_156' title='bbox 683 2786 770 2876; x_wconf 73' lang='grc' dir='ltr'>αὐτῷ</span> <span class='ocrx_word' id='word_1_157' title='bbox 791 2792 834 2878; x_wconf 71' lang='grc' dir='ltr'>τῷ</span> <span class='ocrx_word' id='word_1_158' title='bbox 855 2790 955 2876; x_wconf 71' lang='grc' dir='ltr'><strong><em>καιρῷ</em></strong></span> <span class='ocrx_word' id='word_1_159' title='bbox 977 2787 1223 2875; x_wconf 64' lang='lat' dir='ltr'>cicumcisio</span> <span class='ocrx_word' id='word_1_160' title='bbox 1244 2791 1408 2875; x_wconf 79' lang='lat' dir='ltr'>significari</span> 
     </span>
     <span class='ocr_line' id='line_1_21' title="bbox 338 2893 1409 2983; baseline 0.003 -22"><span class='ocrx_word' id='word_1_161' title='bbox 338 2895 472 2961; x_wconf 89' lang='lat' dir='ltr'>uidetur.</span> <span class='ocrx_word' id='word_1_162' title='bbox 501 2929 544 2945; x_wconf 62' lang='lat'>*</span> <span class='ocrx_word' id='word_1_163' title='bbox 572 2893 621 2959; x_wconf 92' lang='lat' dir='ltr'>his</span> <span class='ocrx_word' id='word_1_164' title='bbox 647 2896 824 2983; x_wconf 82' lang='lat' dir='ltr'>explanatis</span> <span class='ocrx_word' id='word_1_165' title='bbox 852 2894 930 2983; x_wconf 78' lang='lat' dir='ltr'>qiud·</span> <span class='ocrx_word' id='word_1_166' title='bbox 956 2894 995 2959; x_wconf 89' lang='lat' dir='ltr'>de</span> <span class='ocrx_word' id='word_1_167' title='bbox 1022 2895 1189 2961; x_wconf 86' lang='lat' dir='ltr'>Plutarcho</span> <span class='ocrx_word' id='word_1_168' title='bbox 1211 2896 1409 2963; x_wconf 87' lang='lat' dir='ltr'>iudicandum</span> 
     </span>
     <span class='ocr_line' id='line_1_22' title="bbox 340 2994 1409 3089; baseline 0.003 -22"><span class='ocrx_word' id='word_1_169' title='bbox 340 3004 382 3068; x_wconf 88' lang='lat' dir='ltr'>sit</span> <span class='ocrx_word' id='word_1_170' title='bbox 402 3001 573 3067; x_wconf 88' lang='lat' dir='ltr'>uideamus.</span> <span class='ocrx_word' id='word_1_171' title='bbox 618 3022 656 3067; x_wconf 85' lang='lat' dir='ltr'>ac</span> <span class='ocrx_word' id='word_1_172' title='bbox 678 2994 842 3086; x_wconf 85' lang='lat' dir='ltr'>Polybium</span> <span class='ocrx_word' id='word_1_173' title='bbox 857 3002 982 3089; x_wconf 87' lang='lat' dir='ltr'>quidem</span> <span class='ocrx_word' id='word_1_174' title='bbox 1003 3002 1120 3067; x_wconf 83' lang='lat' dir='ltr'>lbntem</span> <span class='ocrx_word' id='word_1_175' title='bbox 1142 3003 1208 3069; x_wconf 90' lang='lat' dir='ltr'>eius</span> <span class='ocrx_word' id='word_1_176' title='bbox 1231 3026 1294 3069; x_wconf 93' lang='lat' dir='ltr'>non</span> <span class='ocrx_word' id='word_1_177' title='bbox 1314 3004 1409 3069; x_wconf 83' lang='lat' dir='ltr'>fuisse</span> 
     </span>
     <span class='ocr_line' id='line_1_23' title="bbox 339 3108 1409 3199; baseline 0 -24"><span class='ocrx_word' id='word_1_178' title='bbox 339 3112 373 3175; x_wconf 90' lang='lat' dir='ltr'>in</span> <span class='ocrx_word' id='word_1_179' title='bbox 395 3115 505 3198; x_wconf 87' lang='lat' dir='ltr'>aperto</span> <span class='ocrx_word' id='word_1_180' title='bbox 523 3115 590 3187; x_wconf 81' lang='lat' dir='ltr'>est,</span> <span class='ocrx_word' id='word_1_181' title='bbox 619 3110 694 3199; x_wconf 88' lang='lat' dir='ltr'>quia</span> <span class='ocrx_word' id='word_1_182' title='bbox 720 3110 820 3175; x_wconf 90' lang='lat' dir='ltr'>multa</span> <span class='ocrx_word' id='word_1_183' title='bbox 840 3110 909 3174; x_wconf 84' lang='lat' dir='ltr'>fuse</span> <span class='ocrx_word' id='word_1_184' title='bbox 931 3114 1040 3173; x_wconf 81' lang='lat' dir='ltr'>narrat</span> <span class='ocrx_word' id='word_1_185' title='bbox 1060 3108 1255 3187; x_wconf 77' lang='lat' dir='ltr'>Plutarchus,</span> <span class='ocrx_word' id='word_1_186' title='bbox 1277 3130 1409 3197; x_wconf 86' lang='lat' dir='ltr'>quorum</span> 
     </span>
     <span class='ocr_line' id='line_1_24' title="bbox 340 3214 1408 3303; baseline -0.001 -22"><span class='ocrx_word' id='word_1_187' title='bbox 340 3216 460 3281; x_wconf 90' lang='lat' dir='ltr'>nullum</span> <span class='ocrx_word' id='word_1_188' title='bbox 473 3215 558 3303; x_wconf 86' lang='lat' dir='ltr'>apud</span> <span class='ocrx_word' id='word_1_189' title='bbox 572 3215 736 3299; x_wconf 87' lang='lat' dir='ltr'>Polybium</span> <span class='ocrx_word' id='word_1_190' title='bbox 750 3221 799 3280; x_wconf 85' lang='lat' dir='ltr'>est</span> <span class='ocrx_word' id='word_1_191' title='bbox 812 3214 991 3297; x_wconf 78' lang='lat' dir='ltr'>uestigium,</span> <span class='ocrx_word' id='word_1_192' title='bbox 1014 3214 1107 3279; x_wconf 86' lang='lat' dir='ltr'>etde</span> <span class='ocrx_word' id='word_1_193' title='bbox 1122 3214 1300 3281; x_wconf 86' lang='lat' dir='ltr'>Mediolano</span> <span class='ocrx_word' id='word_1_194' title='bbox 1315 3220 1408 3303; x_wconf 89' lang='lat' dir='ltr'>capto</span> 
     </span>
     <span class='ocr_line' id='line_1_25' title="bbox 341 3320 1409 3409; baseline -0.002 -20"><span class='ocrx_word' id='word_1_195' title='bbox 341 3343 440 3408; x_wconf 87' lang='lat' dir='ltr'>aeque</span> <span class='ocrx_word' id='word_1_196' title='bbox 455 3328 550 3409; x_wconf 84' lang='lat' dir='ltr'>atque</span> <span class='ocrx_word' id='word_1_197' title='bbox 565 3322 659 3387; x_wconf 84' lang='lat' dir='ltr'>ceteri</span> <span class='ocrx_word' id='word_1_198' title='bbox 674 3328 818 3387; x_wconf 68' lang='lat' dir='ltr'>accures</span> <span class='ocrx_word' id='word_1_199' title='bbox 830 3322 974 3386; x_wconf 85' lang='lat' dir='ltr'>dissentit</span> <span class='ocrx_word' id='word_1_200' title='bbox 990 3321 1032 3385; x_wconf 90' lang='lat' dir='ltr'>ab</span> <span class='ocrx_word' id='word_1_201' title='bbox 1047 3341 1092 3385; x_wconf 91' lang='lat' dir='ltr'>eo.</span> <span class='ocrx_word' id='word_1_202' title='bbox 1127 3320 1283 3387; x_wconf 89' lang='lat' dir='ltr'>simillima</span> <span class='ocrx_word' id='word_1_203' title='bbox 1304 3327 1409 3387; x_wconf 89' lang='lat' dir='ltr'>autem</span> 
     </span>
     <span class='ocr_line' id='line_1_26' title="bbox 340 3426 1408 3517; baseline -0.002 -23"><span class='ocrx_word' id='word_1_204' title='bbox 340 3435 414 3495; x_wconf 91' lang='lat' dir='ltr'>sunt</span> <span class='ocrx_word' id='word_1_205' title='bbox 436 3448 516 3517; x_wconf 84' lang='lat' dir='ltr'>quae</span> <span class='ocrx_word' id='word_1_206' title='bbox 535 3427 720 3492; x_wconf 84' lang='lat' dir='ltr'>Plutarchus</span> <span class='ocrx_word' id='word_1_207' title='bbox 741 3426 882 3515; x_wconf 87' lang='lat' dir='ltr'>prodidit</span> <span class='ocrx_word' id='word_1_208' title='bbox 902 3428 933 3491; x_wconf 87' lang='lat' dir='ltr'>ci</span> <span class='ocrx_word' id='word_1_209' title='bbox 954 3426 1029 3491; x_wconf 91' lang='lat' dir='ltr'>belli</span> <span class='ocrx_word' id='word_1_210' title='bbox 1051 3426 1260 3514; x_wconf 84' lang='lat' dir='ltr'>descriptioni,</span> <span class='ocrx_word' id='word_1_211' title='bbox 1283 3448 1408 3511; x_wconf 86' lang='lat' dir='ltr'>quame</span> 
     </span>
     <span class='ocr_line' id='line_1_27' title="bbox 341 3530 1407 3621; baseline -0.004 -19"><span class='ocrx_word' id='word_1_212' title='bbox 341 3537 441 3602; x_wconf 90' lang='lat' dir='ltr'>tribus</span> <span class='ocrx_word' id='word_1_213' title='bbox 455 3535 517 3601; x_wconf 90' lang='lat' dir='ltr'>illis</span> <span class='ocrx_word' id='word_1_214' title='bbox 531 3533 712 3600; x_wconf 86' lang='lat' dir='ltr'>auctoribus</span> <span class='ocrx_word' id='word_1_215' title='bbox 726 3554 834 3599; x_wconf 88' lang='lat' dir='ltr'>eruere</span> <span class='ocrx_word' id='word_1_216' title='bbox 856 3554 894 3597; x_wconf 78' lang='lat' dir='ltr'>aa</span> <span class='ocrx_word' id='word_1_217' title='bbox 917 3530 1090 3598; x_wconf 80' lang='lat' dir='ltr'>Fabianam</span> <span class='ocrx_word' id='word_1_218' title='bbox 1112 3534 1215 3599; x_wconf 91' lang='lat' dir='ltr'>dicere</span> <span class='ocrx_word' id='word_1_219' title='bbox 1236 3553 1407 3621; x_wconf 91' lang='lat' dir='ltr'>possumus.</span> 
     </span>
     <span class='ocr_line' id='line_1_28' title="bbox 341 3636 1407 3729; baseline -0.003 -21"><span class='ocrx_word' id='word_1_220' title='bbox 341 3665 415 3708; x_wconf 91' lang='lat' dir='ltr'>nam</span> <span class='ocrx_word' id='word_1_221' title='bbox 435 3636 555 3707; x_wconf 79' lang='lat' dir='ltr'>mirum:</span> <span class='ocrx_word' id='word_1_222' title='bbox 570 3647 722 3729; x_wconf 88' lang='lat' dir='ltr'>quantum</span> <span class='ocrx_word' id='word_1_223' title='bbox 744 3641 900 3705; x_wconf 87' lang='lat' dir='ltr'>consentit</span> <span class='ocrx_word' id='word_1_224' title='bbox 921 3636 961 3705; x_wconf 86' lang='lat' dir='ltr'>de</span> <span class='ocrx_word' id='word_1_225' title='bbox 983 3639 1191 3705; x_wconf 81' lang='lat' dir='ltr'>Gaesatorum</span> <span class='ocrx_word' id='word_1_226' title='bbox 1213 3640 1337 3705; x_wconf 90' lang='lat' dir='ltr'>nomine</span> <span class='ocrx_word' id='word_1_227' title='bbox 1359 3640 1407 3705; x_wconf 90' lang='lat' dir='ltr'>in·</span> 
     </span>
     <span class='ocr_line' id='line_1_29' title="bbox 340 3746 1408 3837; baseline -0.003 -23"><span class='ocrx_word' id='word_1_228' title='bbox 340 3748 546 3837; x_wconf 85' lang='lat' dir='ltr'>terpretando</span> <span class='ocrx_word' id='word_1_229' title='bbox 564 3768 634 3811; x_wconf 90' lang='lat' dir='ltr'>cum</span> <span class='ocrx_word' id='word_1_230' title='bbox 657 3746 776 3825; x_wconf 81' lang='lat' dir='ltr'>Orosio,</span> <span class='ocrx_word' id='word_1_231' title='bbox 799 3746 839 3811; x_wconf 90' lang='lat' dir='ltr'>de</span> <span class='ocrx_word' id='word_1_232' title='bbox 860 3746 978 3829; x_wconf 83' lang='lat' dir='ltr'>ingenti</span> <span class='ocrx_word' id='word_1_233' title='bbox 1000 3746 1233 3833; x_wconf 81' lang='lat' dir='ltr'>perturbatione</span> <span class='ocrx_word' id='word_1_234' title='bbox 1256 3751 1288 3811; x_wconf 92' lang='lat' dir='ltr'>et</span> <span class='ocrx_word' id='word_1_235' title='bbox 1309 3766 1408 3835; x_wconf 89' lang='lat' dir='ltr'>appa-</span> 
     </span>
     <span class='ocr_line' id='line_1_30' title="bbox 342 3850 1408 3933; baseline 0 -14"><span class='ocrx_word' id='word_1_236' title='bbox 342 3861 413 3919; x_wconf 89' lang='lat' dir='ltr'>ratu</span> <span class='ocrx_word' id='word_1_237' title='bbox 433 3853 645 3919; x_wconf 87' lang='lat' dir='ltr'>Romanorum</span> <span class='ocrx_word' id='word_1_238' title='bbox 667 3875 738 3920; x_wconf 93' lang='lat' dir='ltr'>cum</span> <span class='ocrx_word' id='word_1_239' title='bbox 759 3852 911 3930; x_wconf 90' lang='lat' dir='ltr'>omnibus,</span> <span class='ocrx_word' id='word_1_240' title='bbox 933 3854 973 3918; x_wconf 91' lang='lat' dir='ltr'>de</span> <span class='ocrx_word' id='word_1_241' title='bbox 994 3850 1085 3918; x_wconf 82' lang='lat' dir='ltr'>Gallo</span> <span class='ocrx_word' id='word_1_242' title='bbox 1109 3858 1141 3917; x_wconf 88' lang='lat' dir='ltr'>et</span> <span class='ocrx_word' id='word_1_243' title='bbox 1163 3852 1265 3933; x_wconf 86' lang='lat' dir='ltr'>Galla,</span> <span class='ocrx_word' id='word_1_244' title='bbox 1288 3853 1408 3919; x_wconf 81' lang='lat' dir='ltr'>Graeco</span> 
     </span>
    </p>
   </div>
   <div class='ocr_carea' id='block_1_3' title="bbox 341 4085 553 4097">
    <p class='ocr_par' dir='ltr' id='par_1_3' title="bbox 341 4085 553 4097">
     <span class='ocr_line' id='line_1_31' title="bbox 341 4085 553 4097; baseline -0.009 0"><span class='ocrx_word' id='word_1_245' title='bbox 341 4085 553 4097; x_wconf 60' lang='lat' dir='ltr'>m-—fl</span> 
     </span>
    </p>
   </div>
   <div class='ocr_carea' id='block_1_4' title="bbox 340 4187 1409 4789">
    <p class='ocr_par' dir='ltr' id='par_1_4' title="bbox 340 4187 1409 4789">
     <span class='ocr_line' id='line_1_32' title="bbox 446 4187 1409 4260; baseline 0.002 -17"><span class='ocrx_word' id='word_1_246' title='bbox 446 4191 472 4255; x_wconf 72' lang='lat' dir='ltr'>‘l</span> <span class='ocrx_word' id='word_1_247' title='bbox 490 4192 544 4243; x_wconf 79' lang='lat' dir='ltr'>Non</span> <span class='ocrx_word' id='word_1_248' title='bbox 568 4187 694 4243; x_wconf 84' lang='lat' dir='ltr'>conciliari</span> <span class='ocrx_word' id='word_1_249' title='bbox 721 4194 823 4257; x_wconf 85' lang='lat' dir='ltr'>possunt</span> <span class='ocrx_word' id='word_1_250' title='bbox 844 4206 900 4241; x_wconf 87' lang='lat' dir='ltr'>cum</span> <span class='ocrx_word' id='word_1_251' title='bbox 923 4190 1010 4243; x_wconf 88' lang='lat' dir='ltr'>ceteris</span> <span class='ocrx_word' id='word_1_252' title='bbox 1033 4189 1175 4241; x_wconf 70' lang='lat' dir='ltr'>audonbns</span> <span class='ocrx_word' id='word_1_253' title='bbox 1198 4208 1264 4259; x_wconf 86' lang='lat' dir='ltr'>quac</span> <span class='ocrx_word' id='word_1_254' title='bbox 1287 4192 1409 4260; x_wconf 83' lang='lat' dir='ltr'>Polybius</span> 
     </span>
     <span class='ocr_line' id='line_1_33' title="bbox 342 4276 1408 4345; baseline 0.002 -14"><span class='ocrx_word' id='word_1_255' title='bbox 342 4280 373 4331; x_wconf 85' lang='lat' dir='ltr'>dc</span> <span class='ocrx_word' id='word_1_256' title='bbox 391 4282 479 4345; x_wconf 88' lang='lat' dir='ltr'>primis</span> <span class='ocrx_word' id='word_1_257' title='bbox 493 4279 594 4345; x_wconf 85' lang='lat' dir='ltr'>proeliis</span> <span class='ocrx_word' id='word_1_258' title='bbox 610 4280 639 4332; x_wconf 66' lang='grc' dir='ltr'><strong>Β</strong></span> <span class='ocrx_word' id='word_1_259' title='bbox 659 4279 766 4333; x_wconf 86' lang='lat' dir='ltr'>Aemilio</span> <span class='ocrx_word' id='word_1_260' title='bbox 782 4280 855 4345; x_wconf 77' lang='lat' dir='ltr'>Papo</span> <span class='ocrx_word' id='word_1_261' title='bbox 874 4276 901 4332; x_wconf 82' lang='grc' dir='ltr'>Ο.</span> <span class='ocrx_word' id='word_1_262' title='bbox 920 4278 997 4331; x_wconf 82' lang='lat' dir='ltr'>Atilio</span> <span class='ocrx_word' id='word_1_263' title='bbox 1012 4278 1112 4344; x_wconf 79' lang='lat' dir='ltr'>Regulo</span> <span class='ocrx_word' id='word_1_264' title='bbox 1130 4294 1192 4331; x_wconf 84' lang='lat' dir='ltr'>coss.</span> <span class='ocrx_word' id='word_1_265' title='bbox 1212 4282 1345 4333; x_wconf 84' lang='lat' dir='ltr'>commissis</span> <span class='ocrx_word' id='word_1_266' title='bbox 1362 4296 1408 4333; x_wconf 81' lang='lat' dir='ltr'>er-</span> 
     </span>
     <span class='ocr_line' id='line_1_34' title="bbox 340 4366 1408 4435; baseline 0.002 -17"><span class='ocrx_word' id='word_1_267' title='bbox 340 4369 431 4435; x_wconf 85' lang='lat' dir='ltr'>pcsuit,</span> <span class='ocrx_word' id='word_1_268' title='bbox 448 4372 500 4421; x_wconf 87' lang='lat' dir='ltr'>tum</span> <span class='ocrx_word' id='word_1_269' title='bbox 517 4384 566 4421; x_wconf 91' lang='lat' dir='ltr'>non</span> <span class='ocrx_word' id='word_1_270' title='bbox 583 4369 693 4421; x_wconf 68' lang='lat' dir='ltr'>meando</span> <span class='ocrx_word' id='word_1_271' title='bbox 715 4369 760 4419; x_wconf 84' lang='lat' dir='ltr'>aed</span> <span class='ocrx_word' id='word_1_272' title='bbox 782 4370 852 4421; x_wconf 86' lang='lat' dir='ltr'>tertio</span> <span class='ocrx_word' id='word_1_273' title='bbox 871 4366 931 4419; x_wconf 91' lang='lat' dir='ltr'>belli</span> <span class='ocrx_word' id='word_1_274' title='bbox 948 4384 1012 4419; x_wconf 87' lang='lat' dir='ltr'>anno</span> <span class='ocrx_word' id='word_1_275' title='bbox 1030 4368 1154 4419; x_wconf 86' lang='lat' dir='ltr'>Romanos</span> <span class='ocrx_word' id='word_1_276' title='bbox 1171 4371 1239 4419; x_wconf 81' lang='lat' dir='ltr'>hans</span> <span class='ocrx_word' id='word_1_277' title='bbox 1256 4368 1354 4423; x_wconf 84' lang='lat' dir='ltr'>Pedum</span> <span class='ocrx_word' id='word_1_278' title='bbox 1372 4369 1408 4420; x_wconf 81' lang='lat' dir='ltr'>lc-</span> 
     </span>
     <span class='ocr_line' id='line_1_35' title="bbox 342 4446 1409 4528; baseline 0 -19"><span class='ocrx_word' id='word_1_279' title='bbox 342 4459 428 4523; x_wconf 83' lang='lat' dir='ltr'>giones</span> <span class='ocrx_word' id='word_1_280' title='bbox 449 4457 551 4528; x_wconf 82' lang='lat' dir='ltr'>duxisse</span> <span class='ocrx_word' id='word_1_281' title='bbox 573 4457 653 4509; x_wconf 85' lang='lat' dir='ltr'>tradit.</span> <span class='ocrx_word' id='word_1_282' title='bbox 694 4456 726 4507; x_wconf 85' lang='lat' dir='ltr'>ab</span> <span class='ocrx_word' id='word_1_283' title='bbox 750 4446 800 4509; x_wconf 87' lang='lat' dir='ltr'>solo</span> <span class='ocrx_word' id='word_1_284' title='bbox 824 4456 932 4523; x_wconf 86' lang='lat' dir='ltr'>denique</span> <span class='ocrx_word' id='word_1_285' title='bbox 956 4454 1071 4521; x_wconf 88' lang='lat' dir='ltr'>Scipione</span> <span class='ocrx_word' id='word_1_286' title='bbox 1089 4454 1191 4507; x_wconf 86' lang='lat' dir='ltr'>absente</span> <span class='ocrx_word' id='word_1_287' title='bbox 1210 4456 1332 4509; x_wconf 78' lang='lat' dir='ltr'>Marcello</span> <span class='ocrx_word' id='word_1_288' title='bbox 1350 4459 1409 4509; x_wconf 88' lang='lat' dir='ltr'>Mc-</span> 
     </span>
     <span class='ocr_line' id='line_1_36' title="bbox 342 4542 1409 4614; baseline 0.005 -18"><span class='ocrx_word' id='word_1_289' title='bbox 342 4545 466 4597; x_wconf 84' lang='lat' dir='ltr'>diolanum</span> <span class='ocrx_word' id='word_1_290' title='bbox 488 4551 656 4614; x_wconf 78' lang='lat' dir='ltr'>expugnatum</span> <span class='ocrx_word' id='word_1_291' title='bbox 680 4561 733 4597; x_wconf 88' lang='lat' dir='ltr'>csse</span> <span class='ocrx_word' id='word_1_292' title='bbox 750 4542 817 4596; x_wconf 91' lang='lat' dir='ltr'>haud</span> <span class='ocrx_word' id='word_1_293' title='bbox 836 4547 887 4595; x_wconf 90' lang='lat' dir='ltr'>scio</span> <span class='ocrx_word' id='word_1_294' title='bbox 906 4560 938 4595; x_wconf 87' lang='lat' dir='ltr'>an</span> <span class='ocrx_word' id='word_1_295' title='bbox 957 4542 1114 4611; x_wconf 83' lang='lat' dir='ltr'>Scipionibus</span> <span class='ocrx_word' id='word_1_296' title='bbox 1132 4544 1245 4597; x_wconf 86' lang='lat' dir='ltr'>fauturus</span> <span class='ocrx_word' id='word_1_297' title='bbox 1264 4550 1409 4601; x_wconf 87' lang='lat' dir='ltr'>narrauerit.</span> 
     </span>
     <span class='ocr_line' id='line_1_37' title="bbox 342 4628 1409 4702; baseline 0 -17"><span class='ocrx_word' id='word_1_298' title='bbox 342 4639 470 4700; x_wconf 86' lang='lat' dir='ltr'>praeterea</span> <span class='ocrx_word' id='word_1_299' title='bbox 482 4637 541 4702; x_wconf 85' lang='lat' dir='ltr'>quia</span> <span class='ocrx_word' id='word_1_300' title='bbox 553 4636 584 4686; x_wconf 88' lang='lat' dir='ltr'>de</span> <span class='ocrx_word' id='word_1_301' title='bbox 596 4635 671 4685; x_wconf 88' lang='lat' dir='ltr'>rebus</span> <span class='ocrx_word' id='word_1_302' title='bbox 681 4632 781 4685; x_wconf 77' lang='lat' dir='ltr'>Gallicis</span> <span class='ocrx_word' id='word_1_303' title='bbox 799 4628 988 4701; x_wconf 65' lang='grc' dir='ltr'>κεφαλαιωδῶς</span> <span class='ocrx_word' id='word_1_304' title='bbox 1012 4630 1056 4697; x_wconf 82' lang='grc' dir='ltr'>(ΙΙ,</span> <span class='ocrx_word' id='word_1_305' title='bbox 1076 4633 1120 4696; x_wconf 85' lang='grc'>14)</span> <span class='ocrx_word' id='word_1_306' title='bbox 1148 4634 1314 4685; x_wconf 86' lang='lat' dir='ltr'>tantummodo</span> <span class='ocrx_word' id='word_1_307' title='bbox 1333 4648 1409 4700; x_wconf 78' lang='lat' dir='ltr'>agere</span> 
     </span>
     <span class='ocr_line' id='line_1_38' title="bbox 343 4722 990 4789; baseline 0.002 -17"><span class='ocrx_word' id='word_1_308' title='bbox 343 4722 392 4775; x_wconf 91' lang='lat' dir='ltr'>sibi</span> <span class='ocrx_word' id='word_1_309' title='bbox 410 4727 569 4789; x_wconf 86' lang='lat' dir='ltr'>proposuerat</span> <span class='ocrx_word' id='word_1_310' title='bbox 586 4722 661 4773; x_wconf 79' lang='lat' dir='ltr'>nmln</span> <span class='ocrx_word' id='word_1_311' title='bbox 679 4722 822 4787; x_wconf 82' lang='lat' dir='ltr'>perstrinxit</span> <span class='ocrx_word' id='word_1_312' title='bbox 840 4728 883 4771; x_wconf 85' lang='lat' dir='ltr'>aut</span> <span class='ocrx_word' id='word_1_313' title='bbox 904 4722 990 4773; x_wconf 85' lang='lat' dir='ltr'>omisit.</span> 
     </span>
    </p>
   </div>
   <div class='ocr_carea' id='block_1_5' title="bbox 0 0 1721 5567">
    <p class='ocr_par' dir='ltr' id='par_1_5' title="bbox 0 0 1721 5567">
     <span class='ocr_line' id='line_1_39' title="bbox 0 0 1721 5567; baseline 0 0"><span class='ocrx_word' id='word_1_314' title='bbox 0 0 1721 5567; x_wconf 95' lang='lat' dir='ltr'> </span> 
     </span>
    </p>
   </div>
  </div>
 </body>
</html>
