3417 5567
676 1950 1032 2120 ‚smmum
1158 1962 1159 1969 ψ

380 2423 384 2438 Ι
429 2341 626 2419 Heerenium,
647 2341 704 2425 qui
724 2341 844 2425 primm
860 2340 900 2407 de
921 2342 1060 2409 fontibus
1082 2349 1115 2411 et
1136 2345 1325 2411 auctoritate
1346 2346 1394 2409 ui·

323 2473 427 2531 tarum
449 2464 706 2534 Pluturoheauim
725 2464 915 2549 disputsuit,
943 2466 1070 2535 minime
1096 2488 1163 2533 rem
1192 2468 1393 2553 expedimssa

323 2594 406 2659 inter
425 2591 511 2659 uiros
527 2591 642 2658 doctos
663 2595 795 2657 constet
839 2612 914 2658 nam
936 2592 1130 2659 enumerauit
1142 2596 1266 2659 tantum
1286 2598 1394 2658 aucto-

323 2736 375 2781 res
396 2714 438 2781 ab
459 2716 528 2801 ipso
550 2714 718 2781 Plutarcho
740 2715 930 2793 nominatos3
964 2714 1226 2799 quemadmodum
1252 2736 1329 2783 uero
1356 2718 1394 2783 iis

324 2862 415 2907 usum
425 2860 493 2905 esse
509 2838 713 2905 Plutarchum
734 2838 968 2917 existimauerit‚
991 2861 1062 2905 raro
1073 2840 1296 2924 pronuntiarit,
1313 2862 1394 2927 quae

323 2964 541 3048 pronuntiauit
560 2984 722 3047 nunquam
743 2964 932 3047 argumentis
953 2962 1108 3047 probauit.
1154 2969 1275 3046 quanta
1301 2965 1395 3030 fuerit

323 3086 528 3170 neglegentia,
550 3076 693 3171 enemplo
707 3086 879 3152 illustrabo.
924 3086 957 3152 in
978 3085 1041 3151 fine
1054 3086 1139 3152 uitae
1160 3087 1301 3154 Marcelli
1318 3088 1394 3157 Plu-

323 3211 467 3277 tarchum
481 3211 605 3277 disertis
627 3211 731 3277 uerbis
751 3211 877 3277 Liuium
899 3216 932 3275 et
954 3211 1113 3277 Valerium
1134 3211 1306 3279 Maximum
1325 3213 1394 3279 len·

324 3335 426 3413 dasse,
442 3336 642 3420 ‘quamquam
663 3336 719 3414 rei,
742 3336 830 3401 cuius
852 3340 996 3400 auctores
1019 3356 1072 3400 eos
1093 3334 1188 3403 fuisse
1211 3336 1297 3417 dicit,
1323 3340 1394 3405 nul-

323 3461 388 3525 lum
415 3459 499 3545 apud
525 3460 650 3526 Liuium
675 3466 732 3525 aut
759 3459 919 3525 Valerium
945 3459 1117 3525 Maximum
1144 3467 1193 3526 est
1219 3462 1392 3545 uestigium,
1500 3500 1512 3533 f

325 3606 365 3649 ne
393 3583 650 3650 animaduertisse
678 3583 805 3668 quidem
831 3583 958 3649 uidetur
983 3584 1163 3651 Heerenius.
1206 3586 1314 3671 itaque
1336 3609 1393 3653 no-

324 3709 397 3774 stn‘s
422 3708 615 3793 temporibus
641 3710 820 3787 extitenmt,
850 3696 1063 3792 qui‘eandem
1091 3709 1305 3793 quaestionem
1342 3730 1393 3775 re-

323 3831 520 3898 tractandam
554 3833 614 3897 sibi
646 3826 813 3898 sumerent
831 3836 928 3916 atque
956 3832 1131 3897 accuratius
1164 3832 1204 3899 de
1236 3834 1392 3900 nonnullis

323 3958 398 4022 uitis
425 3963 561 4041 agerent.
613 3978 745 4040 quorum
773 3957 948 4041 exemplum
982 3962 1107 4023 secutus
1140 3977 1197 4041 ego
1224 3957 1258 4023 in
1290 3957 1392 4024 fontes

322 4079 413 4146 Fabii
435 4081 565 4145 Maximi
580 4086 613 4145 et
634 4080 783 4158 Marcelli,
807 4100 939 4164 quarum
954 4080 1092 4147 aiterum
1112 4086 1185 4165 post
1205 4080 1392 4147 Heerenium

322 4202 389 4269 fere
410 4204 497 4269 nulls
518 4206 599 4271 ratio
621 4204 731 4270 habita
753 4210 815 4281 est,
838 4203 942 4270 denuo
963 4204 1119 4288 inquirere
1141 4204 1271 4288 suscepi.
1319 4204 1391 4269 nam

323 4326 464 4393 Marcelli
485 4326 612 4412 quidem
633 4328 701 4392 nita
722 4347 848 4412 prorsus
870 4327 1013 4411 neglecta
1035 4333 1098 4405 est,
1122 4346 1203 4411 quae
1222 4331 1331 4393 autem
1353 4327 1392 4391 de

322 4449 413 4516 Fabii
439 4450 569 4515 Maximi
592 4451 659 4515 uita
685 4452 830 4535 exposuit
849 4448 883 4517 O.
904 4451 1033 4516 Peterus
1058 4451 1092 4515 in
1117 4451 1390 4517 commentatione:

322 4571 429 4638 Livius
451 4572 519 4639 und
538 4572 696 4658 Polybius,
717 4573 807 4639 Helie
830 4574 917 4641 1863
938 4595 1008 4659 pag.
1023 4572 1165 4653 59—65‚
1188 4594 1252 4640 non
1274 4573 1389 4659 proba-

272 4672 278 4681 ⁴
322 4694 399 4761 bilia
419 4696 496 4761 mihi
510 4695 656 4762 uidentur
670 4716 747 4762 esse.
777 4697 829 4762 ille
852 4698 941 4763 enim*
950 4696 1160 4776 similitudine,
1183 4718 1283 4781 quam
1299 4717 1392 4782 saepe

483 4853 486 4857 .
1166 4808 1177 4855 1
