3417 5567
717 674 760 684 ..
804 638 937 701 24·-

291 847 451 914 Plutarchi
471 847 617 932 proprius
638 868 715 913 esse
759 846 836 931 quid
858 847 953 931 igitur
975 844 1176 913 statuendum
1198 850 1268 915 est?
1297 849 1364 917 sola

291 954 496 1021 fundamenta
523 959 629 1019 cetero
657 960 771 1019 ornatu
797 959 903 1038 spreto
931 952 1133 1020 Plutarchum
1155 975 1173 1020 e
1194 956 1287 1023 Liuio
1310 980 1363 1023 ex·

292 1061 442 1146 carpsisse
469 1060 510 1125 ab
538 1061 643 1126 animo
671 1060 841 1143 impetrare
871 1081 934 1125 non
961 1080 1125 1144 possumus
1148 1067 1184 1127 ut
1205 1068 1364 1147 putemus;

291 1168 391 1235 multo
417 1188 494 1232 sane
520 1164 714 1251 probabilius
741 1172 790 1231 est
816 1172 1002 1249 argumenta
1029 1187 1068 1231 ex
1096 1170 1252 1235 communi
1279 1170 1365 1235 fonte

291 1281 460 1357 utrumque
486 1272 635 1358 petinisse
667 1292 706 1337 ac
725 1293 783 1355 pro
812 1292 869 1337 suo
905 1277 1075 1356 utrumque
1109 1272 1234 1361 ingenie
1270 1280 1364 1359 atque

289 1380 394 1448 indole
416 1399 584 1445 exornasse
612 1383 708 1462 atque
736 1377 916 1443 excoluisse.
947 1378 1025 1443 ¹ianr
1062 1400 1138 1445 uero
1175 1382 1202 1446 si
1238 1382 1272 1447 in
1300 1402 1365 1447 me-

290 1489 422 1555 moriam
465 1506 648 1552 reuocamus
697 1484 923 1569 discrepantias
970 1506 1065 1569 supra
1116 1491 1258 1566 namtas,
1296 1488 1365 1571 qui-

292 1594 351 1660 bus
376 1613 453 1658 num
479 1592 603 1657 Liuium
630 1590 821 1656 Plutarchus
853 1589 1032 1657 adhibuerit
1064 1592 1128 1659 iem
1156 1593 1286 1659 dubium
1308 1599 1365 1671 est,

293 1706 415 1767 certum
435 1697 560 1765 uidetur
581 1697 672 1764 nobis
694 1717 762 1762 esse
784 1718 887 1780 neque
909 1703 1094 1780 argumenta
1115 1700 1290 1765 orationum
1311 1720 1366 1765 ne·

293 1827 356 1891 que
382 1805 508 1871 omnino
535 1802 708 1887 quidquam
735 1823 754 1868 e
774 1802 866 1867 Liuio
889 1802 1057 1887 sumpsisse
1078 1803 1291 1883 Plutarchum,
1313 1805 1367 1872 sed

293 1917 461 1994 utrumque
483 1929 523 1975 ex
544 1907 656 1974 eodem
677 1909 765 1994 fonte
786 1908 926 1974 hausisse
949 1909 1061 1975 omnia

400 2017 501 2096 Quem
528 2036 724 2081 communem
753 2015 874 2081 iontem
894 2015 1027 2082 Fabium
1048 2018 1203 2083 Pictorem
1224 2018 1319 2084 luisse
1342 2020 1368 2084 si

295 2146 358 2190 non
380 2124 445 2188 iem
466 2127 562 2188 antea
575 2122 759 2189 euicerimus
774 2123 872 2189 etiam
893 2144 911 2189 e
932 2124 1030 2191 totius
1054 2120 1242 2190 narrationis
1263 2124 1368 2191 indole

294 2252 411 2315 magna
432 2250 503 2294 cum
524 2230 592 2294 ueri
607 2228 815 2312 similitudine
829 2228 912 2294 effici
932 2230 1041 2313 possit.
1086 2252 1159 2297 nam
1182 2252 1245 2295 non
1267 2232 1369 2297 minus

296 2357 314 2401 e
341 2336 432 2401 Liuio
460 2356 556 2419 quam
584 2356 601 2401 e
629 2335 798 2402 Plutarcho
826 2335 930 2401 elucet
957 2342 1118 2403 auctorem
1140 2360 1203 2422 qno
1224 2338 1274 2403 usi
1297 2343 1370 2403 sunt

295 2465 345 2509 res
373 2463 455 2527 quse
481 2441 523 2508 ad
548 2442 682 2508 Fabium
709 2443 882 2509 Maximum
904 2449 1048 2528 spectent
1069 2446 1207 2510 maxima
1228 2466 1299 2511 cum
1321 2444 1369 2509 di-

296 2550 425 2634 ligentia
452 2555 485 2613 et
511 2548 627 2613 eximia
649 2570 724 2614 cura
748 2550 927 2633 exposuisse
950 2556 1046 2633 atque
1067 2556 1134 2615 tam
1156 2552 1261 2616 acrem
1281 2548 1370 2616 Fabii

297 2656 492 2722 defensorem
521 2675 559 2718 ac
585 2660 851 2738 propugnatorem
885 2676 919 2720 se
948 2656 1138 2739 praebuisse,
1169 2663 1206 2722 ut
1222 2646 1371 2723 'nonnun-

297 2784 392 2847 quam
420 2761 460 2825 de
486 2760 549 2825 fide
576 2762 643 2825 eius
670 2760 807 2826 dubitari
841 2760 963 2827 debeat.
1015 2762 1259 2849 quotiescunque
1286 2764 1368 2830 enim

296 2871 365 2937 fieri
378 2873 485 2953 potest
505 2868 639 2932 uirtutes
661 2889 700 2933 ac
720 2869 833 2933 merita
853 2868 944 2934 Fabii
966 2869 1096 2934 Maximi
1118 2870 1245 2937 summis
1267 2870 1368 2937 laudi-

298 2977 357 3043 bus
385 2974 565 3052 efferuntur,
592 2974 721 3039 Minucii
743 2979 776 3039 et
797 2974 1044 3041 obtrectatorum
1066 2977 1132 3041 eius
1154 2978 1315 3046 temeritas
1336 2981 1370 3042 et

298 3082 438 3168 pratitas
471 3103 567 3165 quam
600 3082 872 3147 uehementissime
906 3083 1080 3166 corripitur.
1131 3082 1255 3167 proelii,
1285 3081 1369 3166 quod

299 3190 428 3254 absente
453 3186 551 3252 Fabio
578 3188 732 3253 Minucius
760 3200 831 3253 eum
859 3186 1036 3253 Hannibale
1057 3188 1170 3253 inierat
1192 3193 1225 3253 et
1246 3186 1285 3252 de
1307 3207 1370 3271 quo

257 3340 260 3345 -
298 3295 388 3360 narie
415 3293 468 3359 ab¹
484 3293 663 3359 auctoribus
689 3293 862 3359 iudicatum
889 3314 957 3359 esse
984 3314 1002 3358 e
1029 3288 1119 3361 Liuio
1144 3294 1290 3359 diseirms
1312 3294 1371 3382 (24

300 3408 329 3485 ς.
359 3400 493 3484 8-14),
521 3404 628 3465 noster
655 3397 766 3465 auctor
792 3399 863 3465 'eam
891 3400 1018 3466 exhibet
1046 3391 1267 3479 narrationem,
1290 3420 1371 3484 quae

299 3504 387 3572 laudi
408 3504 497 3570 Fabii
520 3526 615 3587 quam
636 3506 763 3570 minime
784 3505 883 3570 officit
903 3506 1031 3571 Minucii
1053 3506 1185 3589 gloriam
1202 3506 1370 3571 imminuit.

300 3611 467 3696 probatam
489 3609 622 3699 denique
644 3633 682 3677 ac
703 3604 865 3677 laudatam
888 3632 960 3677 esse
977 3611 1162 3696 prudentem
1185 3613 1276 3679 Fabii
1297 3612 1372 3679 belli

301 3718 428 3802 gerendi
455 3718 609 3783 rationem
636 3716 678 3783 ab
704 3720 774 3803 ipso
795 3719 941 3797 Minucio,
965 3721 1019 3803 qui
1041 3719 1257 3785 acerbissimus
1280 3724 1374 3785 antea

302 3824 499 3890 aduersarius
522 3824 589 3888 eius
610 3824 723 3903 fuerat,
747 3845 811 3907 qua
831 3824 976 3889 ubertate
999 3831 1032 3889 et
1054 3825 1210 3890 suauitate
1232 3824 1373 3909 depingi-

302 3930 370 3996 turl
414 3930 488 3995 talis
515 3950 590 3995 uero
618 3930 758 3995 narratio
780 3930 830 3995 cui
854 3930 959 4014 aptius
981 3930 1077 3995 tribui
1097 3931 1199 4014 possit
1220 3951 1315 4014 quam
1337 3929 1373 4008 Q.

303 4037 401 4103 Fabio
435 4036 567 4114 Pictori,
601 4036 853 4105 Fabii.Maximi
886 4038 994 4121 gentili
1028 4042 1123 4125 atque
1150 4037 1283 4124 aequali,
1312 4055 1374 4125 quo

304 4143 459 4209 neminem
507 4143 683 4208 accuratius
726 4142 852 4208 nouisse
901 4162 951 4208 res
994 4142 1035 4208 ab
1076 4143 1131 4208 illo
1172 4148 1277 4226 gestas
1320 4148 1375 4208 aut

304 4248 421 4314 maiore
455 4247 661 4313 admiratione
694 4247 872 4332 amplexum
898 4268 965 4317 esse
995 4255 1028 4313 et
1055 4246 1255 4332 descripsisse
1283 4238 1374 4315 facile

304 4352 509 4437 intellegiturl

411 4458 561 4524 Venimus
594 4458 637 4524 ad
677 4479 801 4544 pugnae
837 4458 1008 4525 Cannensis
1041 4457 1279 4545 descriptionem
1315 4458 1376 4546 (Pl.

307 4564 525 4651 le—XVI),
548 4587 630 4654 quae
648 4588 720 4633 cmn
740 4566 871 4651 Polybio
886 4566 1004 4633 nullam
1026 4588 1172 4650 magnam
1194 4587 1265 4631 cum
1287 4566 1377 4631 Liuio

308 4672 542 4738 similitudinem
571 4672 686 4751 habet,
706 4678 743 4739 ut
768 4672 968 4739 manifestum
997 4672 1037 4738 sit
1059 4678 1115 4737 ant
1136 4671 1338 4738 Plutarchum
1361 4692 1378 4735 e
