3417 5567
420 1570 698 1689 Tanemois
720 1619 989 1689 contuemur
1032 1642 1071 1692 ao
1091 1642 1162 1688 oum
1181 1573 1383 1691 sumnum

310 1730 345 1795 in
367 1724 578 1795 describendis
600 1726 674 1794 uitis
696 1745 803 1793 eorum
824 1728 973 1805 uirorum,
995 1726 1136 1811 qui-non
1156 1728 1251 1797 modo
1270 1728 1382 1797 iisdem
1485 1736 1488 1742 '

310 1834 504 1919 temporibus
533 1832 679 1907 mxerunt
711 1831 767 1901 sed
793 1834 890 1901 etiam
909 1833 1021 1901 iisdem
1042 1833 1134 1902 bellis
1164 1834 1381 1912 mterbrerunt,

311 1942 365 2025 qui
379 1961 436 2025 per
448 1938 565 2008 muns
576 1960 674 2007 eunus
697 1943 754 2005 eut
775 1939 886 2007 eodem
907 1945 1125 2024 tempore-aut
1145 1935 1275 2008 alternis
1296 1962 1381 2009 snm-

310 2068 397 2113 mum
422 2045 588 2130 imperium
614 2044 806 2129 reipublicae
838 2046 983 2118 maximis
1001 2047 1157 2131 ¹periculis
1185 2058 1313 2130 pressae
1346 2068 1383 2115 ac

309 2153 502 2243 possumis
531 2151 677 2223 cladibus
695 2167 870 2220 conmissae·
897 2150 1157 2221 administrabant
1187 2156 1223 2219 et
1251 2172 1384 2236 quorum

310 2260 441 2327 oonmlia
463 2278 502 2325 ao
521 2258 606 2325 faeta
627 2257 661 2324 in
682 2256 881 2351 reprimendo
894 2257 1071 2325 Hannibale
1084 2278 1311 2341 nonuunquam
1330 2278 1383 2325 ar-

311 2366 431 2447 tissime
461 2366 544 2432 inter
576 2384 610 2431 se
643 2362 862 2441 cohaerebant,
895 2362 1174 2431 assentantibus
1200 2385 1294 2432 usum
1314 2384 1382 2431 esse

211 2524 221 2537 .
312 2471 464 2555 suspicari
490 2470 655 2555 possimus,
677 2468 770 2537 nulla
795 2469 917 2537 ratione
944 2469 1055 2539 habita
1081 2475 1244 2541 suetonum
1265 2492 1286 2537 a
1307 2470 1382 2539 Plu-

312 2576 422 2645 turoho
455 2575 654 2643 laudatorum
686 2574 818 2643 eandem
846 2595 944 2657 quam
976 2581 1074 2644 unae
1099 2575 1269 2643 institimm
1288 2590 1381 2659 urgu-

311 2681 474 2751 mentsudi
512 2682 598 2747 uiam
632 2699 867 2769 persequamur.
921 2694 1024 2765 neque
1062 2687 1261 2751 ueru'tante
1292 2681 1382 2755 uobis

233 2836 236 2845 Α
311 2787 453 2859 subsidia
478 2792 603 2871 praesto
631 2792 855 2871 sumtoqmnta
882 2806 983 2871 supra·
1006 2786 1274 2872 suppeditabant·
1308 2789 1383 2858 nam

311 2916 385 2961 cnm
405 2893 527 2978 Polybii
548 2892 681 2961 historie
702 2893 810 2977 paucis
825 2894 963 2977 exceptis
984 2892 1166 2977 manentis
1187 2915 1255 2963 non·
1272 2914 1381 2978 super·

310 3006 376 3067 stes
404 3000 455 3077 sit,
484 2998 646 3083 Appianus
674 3004 708 3065 et
738 3000 876 3068 zonaras
898 2998 1053 3069 derebus
1075 3022 1097 3065 a
1117 3000 1267 3072 Marcello
1285 3003 1381 3087 gestis

310 3112 403 3175 tenta
429 3106 585 3175 breuitate
602 3107 740 3189 egerint,
769 3111 805 3171 ut
835 3106 901 3176 fere
922 3106 1026 3175 nullus
1047 3107 1167 3174 auam
1189 3128 1230 3174 ex
1249 3108 1288 3176 iis
1309 3128 1381 3193 por·

310 3214 373 3298 cipi
394 3213 503 3297 possit,
528 3224 626 3297 propo
647 3212 731 3281 solus
754 3212 863 3281 Liuius
884 3218 991 3279 rmtut
1018 3235 1081 3279 ,se
1099 3228 1140 3281 ne'
1162 3235 1233 3283 eum
1254 3214 1382 3300 quidem

310 3321 426 3404 ubique
457 3340 638 3404 comparare
668 3320 752 3398 lieet,
784 3321 861 3405 quia
890 3320 969 3389 liber
995 3320 1159 3391 uieemmus
1181 3344 1244 3406 quo
1265 3322 1381 3391 bellum

310 3432 421 3495 eontra
447 3426 593 3495 Insubres
620 3431 741 3509 gestum
771 3426 1092 3511 comprehendebatur
1112 3448 1177 3496 non
1198 3430 1272 3497 tulit
1293 3436 1380 3497 aeta-

309 3540 382 3601 tem.
428 3554 509 3617 quae
537 3554 608 3601 oum
635 3534 683 3599 ite
704 3534 768 3600 rint
789 3556 981 3619 quamquam
1001 3535 1103 3604 mium
1125 3540 1211 3603 certe
1231 3557 1328 3620 quarn
1347 3538 1380 3601 in

309 3642 377 3709 nita
404 3639 494 3708 Fabii
522 3639 652 3709 Maximi
678 3640 719 3707 de
746 3641 907 3707 Plutarchi
934 3640 1071 3707 fontrbm
1099 3642 1199 3711 conici
1230 3664 1321 3727 posse
1347 3644 1381 3710 in

309 3754 420 3833 aperto
449 3753 513 3826 est,
547 3753 655 3816 tamen
683 3770 746 3815 non
773 3748 916 3815 irritum
925 3749 1191 3833 comparationem
1218 3754 1380 3818 suetonum

308 3855 365 3939 qui
387 3859 552 3953 supersunt
573 3854 640 3921 iore
663 3854 888 3923 existimamus.

414 3961 585 4044 Postquam
617 3960 844 4026 Plutarchus
834 3982 868 4025 m
898 3961 1007 4045 primis
1040 3961 1195 4045 capitibus
1228 3959 1309 4025 dixit
1340 3959 1379 4025 de

309 4086 420 4151 genere
451 4072 483 4131 st
515 4066 652 4133 moribus
683 4066 832 4144 Marcelli,
866 4087 934 4151 cap.
967 4066 1140 4132 IH-·-VIII
1165 4065 1281 4145 bellum
1309 4088 1380 4132 cum

310 4173 409 4242 Gallis
432 4172 473 4239 ab
495 4193 578 4242 anno
604 4172 670 4239 225
691 4192 792 4255 usque
813 4171 854 4239 ad
876 4173 1081 4244 munaus
1103 4178 1224 4257 gestum
1245 4179 1379 4250 enarrat.

309 4277 349 4343 de
370 4277 481 4345 eodem
501 4278 584 4344 bello
607 4283 705 4362 agunt
725 4278 874 4363 Polybius
894 4278 935 4357 ΙΙ,
958 4278 1107 4355 23-343
1134 4278 1273 4344 Zonaras
1294 4279 1379 4356 VIII,

309 4384 361 4448 20.
407 4382 491 4469 quod
511 4383 593 4448 Liuii
616 4384 690 4449 belli
718 4384 856 4449 narratio
878 4382 998 4454 interiit
1017 4382 1111 4447 ualde
1134 4388 1181 4447 est
1203 4381 1378 4449 dolendum,

309 4510 404 4573 quam
430 4488 575 4555 lacunam
604 4490 712 4574 aliqua
739 4510 778 4557 ex
803 4493 896 4573 perte
925 4487 1051 4573 explent
1073 4488 1244 4573 Eutropius
1265 4489 1378 4567 111‚5‚

309 4596 329 4665 6
353 4602 386 4661 et
408 4594 536 4662 Orosius
558 4594 614 4675 IV,
629 4596 682 4674 13,
706 4617 783 4680 quos
805 4595 968 4663 historiam
990 4584 1073 4679 Liuii
1095 4594 1284 4681 exoe1psisse
1307 4615 1377 4660 oum

307 4701 362 4767 ubi
388 4703 491 4785 ipsum
519 4700 644 4769 Liuium
672 4721 855 4785 comparare
881 4702 955 4768 licet
982 4700 1161 4767 certissimis
1189 4700 1378 4784 argumentis
