<?xml version="1.0" encoding="UTF-8"?>
<!DOCTYPE html PUBLIC "-//W3C//DTD XHTML 1.0 Transitional//EN"
    "http://www.w3.org/TR/xhtml1/DTD/xhtml1-transitional.dtd">
<html xmlns="http://www.w3.org/1999/xhtml" xml:lang="en" lang="en">
 <head>
  <title>
</title>
<meta http-equiv="Content-Type" content="text/html;charset=utf-8" />
  <meta name='ocr-system' content='tesseract 3.04.00' />
  <meta name='ocr-capabilities' content='ocr_page ocr_carea ocr_par ocr_line ocrx_word'/>
</head>
<body>
  <div class='ocr_page' id='page_1' title='image "./quibusfontibusp01buchgoog_0089.png"; bbox 0 0 3417 5567; ppageno 0'>
   <div class='ocr_carea' id='block_1_1' title="bbox 214 869 1458 4784">
    <p class='ocr_par' dir='ltr' id='par_1_1' title="bbox 214 869 1458 3387">
     <span class='ocr_line' id='line_1_1' title="bbox 292 869 1363 960; baseline -0.001 -23"><span class='ocrx_word' id='word_1_1' title='bbox 292 869 496 938; x_wconf 77' lang='lat' dir='ltr'><strong>Plutarchum</strong></span> <span class='ocrx_word' id='word_1_2' title='bbox 526 885 706 957; x_wconf 76' lang='lat' dir='ltr'><strong>comparare</strong></span> <span class='ocrx_word' id='word_1_3' title='bbox 739 873 813 939; x_wconf 87' lang='lat' dir='ltr'><strong>licet</strong></span> <span class='ocrx_word' id='word_1_4' title='bbox 838 874 945 960; x_wconf 64' lang='lat' dir='ltr'><strong>(liu.</strong></span> <span class='ocrx_word' id='word_1_5' title='bbox 949 870 1087 949; x_wconf 73' lang='lat' dir='ltr'>XXVII,</span> <span class='ocrx_word' id='word_1_6' title='bbox 1117 871 1267 949; x_wconf 74' lang='lat' dir='ltr'><strong>la-16;</strong></span> <span class='ocrx_word' id='word_1_7' title='bbox 1294 870 1363 957; x_wconf 77' lang='grc'><strong>25)</strong></span> 
     </span>
     <span class='ocr_line' id='line_1_2' title="bbox 293 978 1363 1063; baseline 0 -20"><span class='ocrx_word' id='word_1_8' title='bbox 293 985 390 1063; x_wconf 82' lang='lat' dir='ltr'><strong>atquc</strong></span> <span class='ocrx_word' id='word_1_9' title='bbox 417 979 543 1044; x_wconf 88' lang='lat' dir='ltr'><strong>Liuimn</strong></span> <span class='ocrx_word' id='word_1_10' title='bbox 570 979 709 1063; x_wconf 69' lang='lat' dir='ltr'><strong>qaudam</strong></span> <span class='ocrx_word' id='word_1_11' title='bbox 723 979 866 1045; x_wconf 86' lang='lat' dir='ltr'><strong>uidemus</strong></span> <span class='ocrx_word' id='word_1_12' title='bbox 887 980 1051 1045; x_wconf 78' lang='lat' dir='ltr'><strong>hocloco</strong></span> <span class='ocrx_word' id='word_1_13' title='bbox 1057 999 1122 1043; x_wconf 89' lang='lat' dir='ltr'><strong>non</strong></span> <span class='ocrx_word' id='word_1_14' title='bbox 1142 978 1246 1043; x_wconf 73' lang='lat' dir='ltr'><strong>nunus</strong></span> <span class='ocrx_word' id='word_1_15' title='bbox 1268 999 1363 1061; x_wconf 85' lang='lat' dir='ltr'><strong>quam</strong></span> 
     </span>
     <span class='ocr_line' id='line_1_3' title="bbox 244 1083 1363 1172; baseline -0.001 -23"><span class='ocrx_word' id='word_1_16' title='bbox 244 1100 251 1109; x_wconf 88' lang='lat'><em>·</em></span> <span class='ocrx_word' id='word_1_17' title='bbox 292 1085 418 1149; x_wconf 84' lang='lat' dir='ltr'><strong>antea</strong></span> <span class='ocrx_word' id='word_1_18' title='bbox 406 1108 441 1150; x_wconf 92' lang='grc' dir='ltr'><strong>ιιι</strong></span> <span class='ocrx_word' id='word_1_19' title='bbox 468 1085 648 1150; x_wconf 88' lang='lat' dir='ltr'><strong>uniuersum</strong></span> <span class='ocrx_word' id='word_1_20' title='bbox 674 1086 853 1170; x_wconf 81' lang='lat' dir='ltr'><strong>conspirare</strong></span> <span class='ocrx_word' id='word_1_21' title='bbox 873 1107 947 1151; x_wconf 83' lang='lat' dir='ltr'><strong>oum</strong></span> <span class='ocrx_word' id='word_1_22' title='bbox 967 1084 1153 1150; x_wconf 75' lang='lat' dir='ltr'><strong>Plutarcho</strong></span> <span class='ocrx_word' id='word_1_23' title='bbox 1160 1083 1363 1172; x_wconf 81' lang='lat' dir='ltr'><strong>duplicisque</strong></span> 
     </span>
     <span class='ocr_line' id='line_1_4' title="bbox 292 1188 1364 1279; baseline 0.001 -24"><span class='ocrx_word' id='word_1_24' title='bbox 292 1190 397 1255; x_wconf 83' lang='lat' dir='ltr'><strong>famae</strong></span> <span class='ocrx_word' id='word_1_25' title='bbox 428 1190 563 1255; x_wconf 90' lang='lat' dir='ltr'><strong>eandem</strong></span> <span class='ocrx_word' id='word_1_26' title='bbox 595 1212 691 1274; x_wconf 84' lang='lat' dir='ltr'><strong>quam</strong></span> <span class='ocrx_word' id='word_1_27' title='bbox 724 1191 880 1279; x_wconf 83' lang='lat' dir='ltr'><strong>probauit·</strong></span> <span class='ocrx_word' id='word_1_28' title='bbox 905 1189 1105 1256; x_wconf 83' lang='lat' dir='ltr'><strong>Plutarchus·</strong></span> <span class='ocrx_word' id='word_1_29' title='bbox 1118 1191 1276 1267; x_wconf 84' lang='lat' dir='ltr'><strong>exhibere,</strong></span> <span class='ocrx_word' id='word_1_30' title='bbox 1308 1188 1364 1256; x_wconf 88' lang='lat' dir='ltr'><strong>sod</strong></span> 
     </span>
     <span class='ocr_line' id='line_1_5' title="bbox 291 1296 1363 1389; baseline -0.002 -26"><span class='ocrx_word' id='word_1_31' title='bbox 291 1319 517 1389; x_wconf 83' lang='lat' dir='ltr'><strong>nonnunquam</strong></span> <span class='ocrx_word' id='word_1_32' title='bbox 537 1298 583 1361; x_wconf 88' lang='lat' dir='ltr'><strong>ita</strong></span> <span class='ocrx_word' id='word_1_33' title='bbox 605 1297 645 1363; x_wconf 86' lang='lat' dir='ltr'><strong>ab</strong></span> <span class='ocrx_word' id='word_1_34' title='bbox 669 1319 706 1363; x_wconf 89' lang='lat' dir='ltr'><strong>eo</strong></span> <span class='ocrx_word' id='word_1_35' title='bbox 729 1296 938 1362; x_wconf 80' lang='lat' dir='ltr'><strong>discedaeut</strong></span> <span class='ocrx_word' id='word_1_36' title='bbox 958 1297 1024 1361; x_wconf 88' lang='lat' dir='ltr'><strong>eius</strong></span> <span class='ocrx_word' id='word_1_37' title='bbox 1039 1302 1149 1363; x_wconf 81' lang='lat' dir='ltr'><strong>auctor</strong></span> <span class='ocrx_word' id='word_1_38' title='bbox 1168 1296 1280 1381; x_wconf 81' lang='lat' dir='ltr'><strong>haberi</strong></span> <span class='ocrx_word' id='word_1_39' title='bbox 1299 1316 1363 1362; x_wconf 88' lang='lat' dir='ltr'><strong>non</strong></span> 
     </span>
     <span class='ocr_line' id='line_1_6' title="bbox 292 1400 1363 1488; baseline -0.003 -19"><span class='ocrx_word' id='word_1_40' title='bbox 292 1405 403 1488; x_wconf 78' lang='lat' dir='ltr'><strong>possit.</strong></span> <span class='ocrx_word' id='word_1_41' title='bbox 448 1425 488 1468; x_wconf 92' lang='lat' dir='ltr'><strong>ne</strong></span> <span class='ocrx_word' id='word_1_42' title='bbox 509 1402 641 1469; x_wconf 85' lang='lat' dir='ltr'><strong>leuiores</strong></span> <span class='ocrx_word' id='word_1_43' title='bbox 663 1402 888 1487; x_wconf 82' lang='lat' dir='ltr'><strong>discrepantias</strong></span> <span class='ocrx_word' id='word_1_44' title='bbox 903 1401 1093 1467; x_wconf 75' lang='lat' dir='ltr'><strong>cumulantur</strong></span> <span class='ocrx_word' id='word_1_45' title='bbox 1115 1402 1265 1468; x_wconf 84' lang='lat' dir='ltr'><strong>nonnulla</strong></span> <span class='ocrx_word' id='word_1_46' title='bbox 1287 1400 1363 1466; x_wconf 84' lang='lat' dir='ltr'><strong>affe-</strong></span> 
     </span>
     <span class='ocr_line' id='line_1_7' title="bbox 290 1507 1364 1594; baseline -0.001 -19"><span class='ocrx_word' id='word_1_47' title='bbox 290 1531 407 1588; x_wconf 75' lang='lat' dir='ltr'><strong>remuS,</strong></span> <span class='ocrx_word' id='word_1_48' title='bbox 430 1508 541 1594; x_wconf 84' lang='lat' dir='ltr'><strong>quibus</strong></span> <span class='ocrx_word' id='word_1_49' title='bbox 562 1508 610 1574; x_wconf 90' lang='lat' dir='ltr'><strong>ita</strong></span> <span class='ocrx_word' id='word_1_50' title='bbox 629 1530 696 1573; x_wconf 88' lang='lat' dir='ltr'><strong>rem</strong></span> <span class='ocrx_word' id='word_1_51' title='bbox 716 1524 790 1573; x_wconf 75' lang='lat' dir='ltr'><strong>&#39;esse</strong></span> <span class='ocrx_word' id='word_1_52' title='bbox 812 1508 972 1573; x_wconf 75' lang='lat' dir='ltr'><strong>euinoituu.</strong></span> <span class='ocrx_word' id='word_1_53' title='bbox 1016 1528 1091 1573; x_wconf 90' lang='lat' dir='ltr'><strong>nam</strong></span> <span class='ocrx_word' id='word_1_54' title='bbox 1111 1529 1170 1591; x_wconf 90' lang='lat' dir='ltr'><strong>pro</strong></span> <span class='ocrx_word' id='word_1_55' title='bbox 1189 1507 1364 1574; x_wconf 68' lang='lat' dir='ltr'><strong>inaudibili</strong></span> 
     </span>
     <span class='ocr_line' id='line_1_8' title="bbox 292 1612 1363 1701; baseline -0.002 -20"><span class='ocrx_word' id='word_1_56' title='bbox 292 1616 327 1681; x_wconf 90' lang='lat' dir='ltr'><strong>ui</strong></span> <span class='ocrx_word' id='word_1_57' title='bbox 355 1616 425 1681; x_wconf 80' lang='lat' dir='ltr'><strong>auri</strong></span> <span class='ocrx_word' id='word_1_58' title='bbox 452 1636 469 1680; x_wconf 90' lang='lat' dir='ltr'><strong>e</strong></span> <span class='ocrx_word' id='word_1_59' title='bbox 498 1614 619 1699; x_wconf 82' lang='lat' dir='ltr'><strong>direpto</strong></span> <span class='ocrx_word' id='word_1_60' title='bbox 649 1614 784 1679; x_wconf 79' lang='lat' dir='ltr'><strong>Tarento</strong></span> <span class='ocrx_word' id='word_1_61' title='bbox 811 1614 845 1679; x_wconf 88' lang='lat' dir='ltr'><strong>iu</strong></span> <span class='ocrx_word' id='word_1_62' title='bbox 865 1613 1028 1679; x_wconf 67' lang='lat' dir='ltr'><strong>saeranum</strong></span> <span class='ocrx_word' id='word_1_63' title='bbox 1055 1612 1247 1701; x_wconf 48' lang='lat' dir='ltr'><strong>helmana</strong></span> <span class='ocrx_word' id='word_1_64' title='bbox 1269 1620 1300 1698; x_wconf 62' lang='grc' dir='ltr'><strong>ξ.</strong></span> <span class='ocrx_word' id='word_1_65' title='bbox 1326 1614 1363 1679; x_wconf 72' lang='grc' dir='ltr'><strong>ιιι</strong></span> 
     </span>
     <span class='ocr_line' id='line_1_9' title="bbox 290 1720 1364 1806; baseline 0 -20"><span class='ocrx_word' id='word_1_66' title='bbox 290 1723 436 1806; x_wconf 66' lang='lat' dir='ltr'><strong>‚argenti</strong></span> <span class='ocrx_word' id='word_1_67' title='bbox 462 1722 511 1786; x_wconf 90' lang='lat' dir='ltr'><strong>uis</strong></span> <span class='ocrx_word' id='word_1_68' title='bbox 539 1721 648 1805; x_wconf 80' lang='lat' dir='ltr'><strong>ingens</strong></span> <span class='ocrx_word' id='word_1_69' title='bbox 674 1721 749 1786; x_wconf 81' lang='lat' dir='ltr'><strong>lacti</strong></span> <span class='ocrx_word' id='word_1_70' title='bbox 777 1721 967 1804; x_wconf 79' lang='lat' dir='ltr'><strong>signatique,</strong></span> <span class='ocrx_word' id='word_1_71' title='bbox 994 1721 1066 1784; x_wconf 80' lang='lat' dir='ltr'><strong>auri</strong></span> <span class='ocrx_word' id='word_1_72' title='bbox 1082 1720 1255 1786; x_wconf 74' lang='lat' dir='ltr'><strong>nxxxm</strong></span> <span class='ocrx_word' id='word_1_73' title='bbox 1276 1721 1364 1786; x_wconf 90' lang='lat' dir='ltr'><strong>milia</strong></span> 
     </span>
     <span class='ocr_line' id='line_1_10' title="bbox 290 1825 1364 1913; baseline -0.001 -19"><span class='ocrx_word' id='word_1_74' title='bbox 290 1827 446 1913; x_wconf 86' lang='lat' dir='ltr'><strong>pondc“)‚</strong></span> <span class='ocrx_word' id='word_1_75' title='bbox 470 1848 550 1911; x_wconf 84' lang='lat' dir='ltr'><strong>quae</strong></span> <span class='ocrx_word' id='word_1_76' title='bbox 572 1827 731 1893; x_wconf 84' lang='lat' dir='ltr'><strong>Valerium</strong></span> <span class='ocrx_word' id='word_1_77' title='bbox 752 1825 912 1893; x_wconf 71' lang='lat' dir='ltr'><strong>mucan</strong></span> <span class='ocrx_word' id='word_1_78' title='bbox 934 1831 1028 1910; x_wconf 82' lang='lat' dir='ltr'><strong>quem</strong></span> <span class='ocrx_word' id='word_1_79' title='bbox 1048 1826 1249 1903; x_wconf 74' lang='lat' dir='ltr'><strong>immodicum</strong></span> <span class='ocrx_word' id='word_1_80' title='bbox 1268 1827 1364 1893; x_wconf 84' lang='lat' dir='ltr'><strong>fuisse</strong></span> 
     </span>
     <span class='ocr_line' id='line_1_11' title="bbox 289 1930 1363 2017; baseline 0 -17"><span class='ocrx_word' id='word_1_81' title='bbox 289 1935 325 2000; x_wconf 92' lang='lat' dir='ltr'><strong>in</strong></span> <span class='ocrx_word' id='word_1_82' title='bbox 346 1935 483 1999; x_wconf 88' lang='lat' dir='ltr'><strong>numeris</strong></span> <span class='ocrx_word' id='word_1_83' title='bbox 498 1932 648 2017; x_wconf 84' lang='lat' dir='ltr'><strong>augendis</strong></span> <span class='ocrx_word' id='word_1_84' title='bbox 660 1932 891 2015; x_wconf 75' lang='lat' dir='ltr'><strong>nemcignorat</strong></span> <span class='ocrx_word' id='word_1_85' title='bbox 903 1930 1037 2012; x_wconf 69' lang='lat' dir='ltr'><strong>redolet·</strong></span> <span class='ocrx_word' id='word_1_86' title='bbox 1056 1932 1244 1999; x_wconf 69' lang='lat' dir='ltr'><strong>Plutarchus</strong></span> <span class='ocrx_word' id='word_1_87' title='bbox 1263 1934 1363 2000; x_wconf 78' lang='lat' dir='ltr'><strong>mrilto</strong></span> 
     </span>
     <span class='ocr_line' id='line_1_12' title="bbox 289 2037 1364 2124; baseline 0.003 -19"><span class='ocrx_word' id='word_1_88' title='bbox 289 2041 442 2105; x_wconf 85' lang='lat' dir='ltr'><strong>minorem</strong></span> <span class='ocrx_word' id='word_1_89' title='bbox 458 2055 496 2103; x_wconf 80' lang='lat' dir='ltr'><strong>aa</strong></span> <span class='ocrx_word' id='word_1_90' title='bbox 517 2038 758 2123; x_wconf 81' lang='lat' dir='ltr'><strong>probabiliorem</strong></span> <span class='ocrx_word' id='word_1_91' title='bbox 778 2057 932 2105; x_wconf 85' lang='lat' dir='ltr'><strong>summam</strong></span> <span class='ocrx_word' id='word_1_92' title='bbox 954 2037 1191 2122; x_wconf 67' lang='lat' dir='ltr'><strong>exbibetuuaa</strong></span> <span class='ocrx_word' id='word_1_93' title='bbox 1207 2060 1247 2105; x_wconf 89' lang='lat' dir='ltr'><strong>ne</strong></span> <span class='ocrx_word' id='word_1_94' title='bbox 1270 2062 1364 2124; x_wconf 84' lang='lat' dir='ltr'><strong>quar-</strong></span> 
     </span>
     <span class='ocr_line' id='line_1_13' title="bbox 289 2144 1458 2240; baseline -0.003 -28"><span class='ocrx_word' id='word_1_95' title='bbox 289 2155 358 2213; x_wconf 87' lang='lat' dir='ltr'><strong>tam</strong></span> <span class='ocrx_word' id='word_1_96' title='bbox 387 2146 512 2231; x_wconf 91' lang='lat' dir='ltr'><strong>quidem</strong></span> <span class='ocrx_word' id='word_1_97' title='bbox 538 2151 662 2230; x_wconf 86' lang='lat' dir='ltr'><strong>partem</strong></span> <span class='ocrx_word' id='word_1_98' title='bbox 690 2145 841 2211; x_wconf 84' lang='lat' dir='ltr'><strong>Liuianae</strong></span> <span class='ocrx_word' id='word_1_99' title='bbox 874 2164 1014 2211; x_wconf 87' lang='lat' dir='ltr'><strong>summae</strong></span> <span class='ocrx_word' id='word_1_100' title='bbox 1035 2146 1154 2229; x_wconf 72' lang='lat' dir='ltr'><strong>¹eaplst</strong></span> <span class='ocrx_word' id='word_1_101' title='bbox 1177 2144 1362 2236; x_wconf 64' lang='grc' dir='ltr'><strong>(ἀνηνέχθη</strong></span> <span class='ocrx_word' id='word_1_102' title='bbox 1452 2222 1458 2240; x_wconf 38' lang='lat'><em>¹</em></span> 
     </span>
     <span class='ocr_line' id='line_1_14' title="bbox 289 2244 1363 2341; baseline -0.002 -20"><span class='ocrx_word' id='word_1_103' title='bbox 289 2254 368 2329; x_wconf 80' lang='grc' dir='ltr'><strong>δἐῑς</strong></span> <span class='ocrx_word' id='word_1_104' title='bbox 391 2244 426 2319; x_wconf 77' lang='grc' dir='ltr'><strong>’τι</strong></span> <span class='ocrx_word' id='word_1_105' title='bbox 449 2250 784 2341; x_wconf 56' lang='lat' dir='ltr'><strong>analemmatos</strong></span> <span class='ocrx_word' id='word_1_106' title='bbox 801 2249 977 2336; x_wconf 55' lang='lat' dir='ltr'><strong>afflarat·</strong></span> <span class='ocrx_word' id='word_1_107' title='bbox 1004 2251 1247 2319; x_wconf 83' lang='lat' dir='ltr'><strong>deinde&#39;Liuius</strong></span> <span class='ocrx_word' id='word_1_108' title='bbox 1266 2254 1363 2338; x_wconf 80' lang='lat' dir='ltr'><strong>signis</strong></span> 
     </span>
     <span class='ocr_line' id='line_1_15' title="bbox 288 2353 1362 2438; baseline -0.002 -11"><span class='ocrx_word' id='word_1_109' title='bbox 288 2382 329 2427; x_wconf 88' lang='lat' dir='ltr'><strong>ao</strong></span> <span class='ocrx_word' id='word_1_110' title='bbox 361 2360 478 2425; x_wconf 84' lang='lat' dir='ltr'><strong>tabulis</strong></span> <span class='ocrx_word' id='word_1_111' title='bbox 512 2359 751 2426; x_wconf 84' lang='lat' dir='ltr'><strong>Tarentinorum</strong></span> <span class='ocrx_word' id='word_1_112' title='bbox 784 2378 854 2425; x_wconf 84' lang='lat' dir='ltr'><strong>aesc</strong></span> <span class='ocrx_word' id='word_1_113' title='bbox 885 2357 1082 2430; x_wconf 77' lang='lat' dir='ltr'><strong>abstinuisse</strong></span> <span class='ocrx_word' id='word_1_114' title='bbox 1111 2353 1243 2424; x_wconf 86' lang='lat' dir='ltr'><strong>Fabium</strong></span> <span class='ocrx_word' id='word_1_115' title='bbox 1277 2360 1362 2438; x_wconf 87' lang='lat' dir='ltr'><strong>dicit,</strong></span> 
     </span>
     <span class='ocr_line' id='line_1_16' title="bbox 214 2461 1363 2551; baseline 0.001 -19"><span class='ocrx_word' id='word_1_116' title='bbox 214 2461 223 2477; x_wconf 64' lang='lat'>⁸</span> <span class='ocrx_word' id='word_1_117' title='bbox 287 2465 460 2543; x_wconf 79' lang='lat' dir='ltr'><strong>Plutarcho</strong></span> <span class='ocrx_word' id='word_1_118' title='bbox 483 2471 611 2529; x_wconf 83' lang='lat' dir='ltr'><strong>auctore</strong></span> <span class='ocrx_word' id='word_1_119' title='bbox 632 2464 747 2529; x_wconf 72' lang='lat' dir='ltr'><strong>Fabius</strong></span> <span class='ocrx_word' id='word_1_120' title='bbox 768 2464 970 2551; x_wconf 80' lang='lat' dir='ltr'><strong>peramplum</strong></span> <span class='ocrx_word' id='word_1_121' title='bbox 991 2463 1136 2539; x_wconf 79' lang='lat' dir='ltr'><strong>Herculis</strong></span> <span class='ocrx_word' id='word_1_122' title='bbox 1155 2465 1363 2548; x_wconf 78' lang='lat' dir='ltr'><strong>signum&#39;Ro-</strong></span> 
     </span>
     <span class='ocr_line' id='line_1_17' title="bbox 287 2554 1363 2658; baseline -0.003 -17"><span class='ocrx_word' id='word_1_123' title='bbox 287 2596 376 2641; x_wconf 89' lang='lat' dir='ltr'><strong>mam</strong></span> <span class='ocrx_word' id='word_1_124' title='bbox 398 2573 578 2658; x_wconf 86' lang='lat' dir='ltr'><strong>deportauit</strong></span> <span class='ocrx_word' id='word_1_125' title='bbox 599 2576 632 2637; x_wconf 86' lang='lat' dir='ltr'><strong>ct</strong></span> <span class='ocrx_word' id='word_1_126' title='bbox 653 2572 730 2655; x_wconf 49' lang='lat' dir='ltr'><strong>ipse*</strong></span> <span class='ocrx_word' id='word_1_127' title='bbox 742 2571 802 2638; x_wconf 83' lang='lat' dir='ltr'><strong>sibi</strong></span> <span class='ocrx_word' id='word_1_128' title='bbox 823 2576 961 2637; x_wconf 82' lang='lat' dir='ltr'><strong>statuam</strong></span> <span class='ocrx_word' id='word_1_129' title='bbox 982 2591 1112 2637; x_wconf 82' lang='lat' dir='ltr'><strong>aeneam</strong></span> <span class='ocrx_word' id='word_1_130' title='bbox 1133 2554 1309 2654; x_wconf 76' lang='lat' dir='ltr'><strong>equestrem</strong></span> <span class='ocrx_word' id='word_1_131' title='bbox 1329 2573 1363 2639; x_wconf 91' lang='lat' dir='ltr'><strong>in</strong></span> 
     </span>
     <span class='ocr_line' id='line_1_18' title="bbox 289 2677 1362 2765; baseline 0 -18"><span class='ocrx_word' id='word_1_132' title='bbox 289 2680 456 2765; x_wconf 77' lang='lat' dir='ltr'><strong>Capitolio·</strong></span> <span class='ocrx_word' id='word_1_133' title='bbox 475 2679 588 2764; x_wconf 83' lang='lat' dir='ltr'><strong>posuit.</strong></span> <span class='ocrx_word' id='word_1_134' title='bbox 638 2678 767 2743; x_wconf 84' lang='lat' dir='ltr'><strong>alterius</strong></span> <span class='ocrx_word' id='word_1_135' title='bbox 789 2678 981 2763; x_wconf 83' lang='lat' dir='ltr'><strong>triumphia</strong></span> <span class='ocrx_word' id='word_1_136' title='bbox 1002 2678 1101 2743; x_wconf 79' lang='lat' dir='ltr'><strong>Fshio</strong></span> <span class='ocrx_word' id='word_1_137' title='bbox 1125 2677 1164 2743; x_wconf 90' lang='lat' dir='ltr'><strong>de</strong></span> <span class='ocrx_word' id='word_1_138' title='bbox 1187 2679 1362 2747; x_wconf 78' lang='lat' dir='ltr'><strong>Tarentinis</strong></span> 
     </span>
     <span class='ocr_line' id='line_1_19' title="bbox 288 2786 1365 2871; baseline -0.003 -16"><span class='ocrx_word' id='word_1_139' title='bbox 288 2790 355 2855; x_wconf 86' lang='lat' dir='ltr'><strong>acti</strong></span> <span class='ocrx_word' id='word_1_140' title='bbox 389 2787 579 2853; x_wconf 86' lang='lat' dir='ltr'><strong>mentionem</strong></span> <span class='ocrx_word' id='word_1_141' title='bbox 612 2786 689 2851; x_wconf 74' lang='lat' dir='ltr'><strong>facit</strong></span> <span class='ocrx_word' id='word_1_142' title='bbox 721 2786 1013 2864; x_wconf 58' lang='lat' dir='ltr'><strong>Plancianum</strong></span> <span class='ocrx_word' id='word_1_143' title='bbox 1033 2787 1134 2851; x_wconf 74' lang='lat' dir='ltr'><strong>item·-</strong></span> <span class='ocrx_word' id='word_1_144' title='bbox 1152 2786 1274 2865; x_wconf 86' lang='lat' dir='ltr'><strong>·Liuius‚</strong></span> <span class='ocrx_word' id='word_1_145' title='bbox 1309 2788 1365 2871; x_wconf 88' lang='lat' dir='ltr'><strong>qui</strong></span> 
     </span>
     <span class='ocr_line' id='line_1_20' title="bbox 288 2891 1368 2984; baseline -0.002 -23"><span class='ocrx_word' id='word_1_146' title='bbox 288 2894 436 2983; x_wconf 88' lang='lat' dir='ltr'>(XXVII,</span> <span class='ocrx_word' id='word_1_147' title='bbox 459 2894 512 2971; x_wconf 80' lang='lat'><strong>20,</strong></span> <span class='ocrx_word' id='word_1_148' title='bbox 536 2894 572 2978; x_wconf 89' lang='grc'><strong>9)</strong></span> <span class='ocrx_word' id='word_1_149' title='bbox 594 2893 672 2958; x_wconf 91' lang='lat' dir='ltr'><strong>nihil</strong></span> <span class='ocrx_word' id='word_1_150' title='bbox 700 2892 776 2984; x_wconf 66' lang='lat' dir='ltr'><strong>(licit</strong></span> <span class='ocrx_word' id='word_1_151' title='bbox 792 2891 873 2957; x_wconf 70' lang='lat' dir='ltr'><strong>:uisis</strong></span> <span class='ocrx_word' id='word_1_152' title='bbox 891 2892 1010 2969; x_wconf 86' lang='lat' dir='ltr'><strong>„Fabio</strong></span> <span class='ocrx_word' id='word_1_153' title='bbox 1038 2891 1219 2958; x_wconf 71' lang='lat' dir='ltr'><strong>Tarentum</strong></span> <span class='ocrx_word' id='word_1_154' title='bbox 1236 2898 1368 2977; x_wconf 80' lang='lat' dir='ltr'><strong>captum·</strong></span> 
     </span>
     <span class='ocr_line' id='line_1_21' title="bbox 287 2997 1363 3084; baseline -0.001 -17"><span class='ocrx_word' id='word_1_155' title='bbox 287 3006 363 3067; x_wconf 83' lang='lat' dir='ltr'><strong>astu</strong></span> <span class='ocrx_word' id='word_1_156' title='bbox 383 3000 481 3084; x_wconf 80' lang='lat' dir='ltr'><strong>magis</strong></span> <span class='ocrx_word' id='word_1_157' title='bbox 504 3020 600 3082; x_wconf 90' lang='lat' dir='ltr'><strong>quam</strong></span> <span class='ocrx_word' id='word_1_158' title='bbox 621 3000 739 3064; x_wconf 88' lang='lat' dir='ltr'><strong>uirtute</strong></span> <span class='ocrx_word' id='word_1_159' title='bbox 753 2997 870 3081; x_wconf 81' lang='lat' dir='ltr'><strong>glorias</strong></span> <span class='ocrx_word' id='word_1_160' title='bbox 893 3002 998 3062; x_wconf 64' lang='lat' dir='ltr'><strong>amen</strong></span> <span class='ocrx_word' id='word_1_161' title='bbox 1020 3007 1118 3062; x_wconf 52' lang='lat' dir='ltr'><strong>esse?</strong></span> <span class='ocrx_word' id='word_1_162' title='bbox 1161 2999 1270 3082; x_wconf 83' lang='lat' dir='ltr'><strong>itaque</strong></span> <span class='ocrx_word' id='word_1_163' title='bbox 1292 3021 1363 3066; x_wconf 87' lang='lat' dir='ltr'><strong>cum</strong></span> 
     </span>
     <span class='ocr_line' id='line_1_22' title="bbox 286 3101 1363 3187; baseline -0.001 -13"><span class='ocrx_word' id='word_1_164' title='bbox 286 3110 367 3174; x_wconf 79' lang='lat' dir='ltr'><strong>itam</strong></span> <span class='ocrx_word' id='word_1_165' title='bbox 393 3104 465 3171; x_wconf 82' lang='lat' dir='ltr'><strong>ut</strong></span> <span class='ocrx_word' id='word_1_166' title='bbox 452 3130 490 3170; x_wconf 90' lang='grc' dir='ltr'><strong>ιιι</strong></span> <span class='ocrx_word' id='word_1_167' title='bbox 517 3106 623 3169; x_wconf 81' lang='lat' dir='ltr'><strong>cetera</strong></span> <span class='ocrx_word' id='word_1_168' title='bbox 650 3108 741 3187; x_wconf 83' lang='lat' dir='ltr'><strong>parte</strong></span> <span class='ocrx_word' id='word_1_169' title='bbox 772 3103 876 3169; x_wconf 78' lang='lat' dir='ltr'><strong>uitae</strong></span> <span class='ocrx_word' id='word_1_170' title='bbox 885 3101 1073 3170; x_wconf 71' lang='lat' dir='ltr'><strong>Plutarchus</strong></span> <span class='ocrx_word' id='word_1_171' title='bbox 1094 3109 1127 3168; x_wconf 86' lang='lat' dir='ltr'><strong>ct</strong></span> <span class='ocrx_word' id='word_1_172' title='bbox 1147 3103 1257 3170; x_wconf 75' lang='lat' dir='ltr'><strong>liuius</strong></span> <span class='ocrx_word' id='word_1_173' title='bbox 1276 3127 1363 3173; x_wconf 89' lang='lat' dir='ltr'><strong>ccm-</strong></span> 
     </span>
     <span class='ocr_line' id='line_1_23' title="bbox 288 3209 1363 3367; baseline -0.001 -87"><span class='ocrx_word' id='word_1_174' title='bbox 288 3215 418 3301; x_wconf 81' lang='lat' dir='ltr'><strong>parati</strong></span> <span class='ocrx_word' id='word_1_175' title='bbox 371 3212 506 3291; x_wconf 80' lang='lat' dir='ltr'><strong>taint</strong></span> <span class='ocrx_word' id='word_1_176' title='bbox 518 3210 637 3276; x_wconf 82' lang='lat' dir='ltr'><strong>iontem</strong></span> <span class='ocrx_word' id='word_1_177' title='bbox 658 3210 828 3293; x_wconf 83' lang='lat' dir='ltr'><strong>utriusque</strong></span> <span class='ocrx_word' id='word_1_178' title='bbox 835 3209 985 3353; x_wconf 80' lang='lat' dir='ltr'><strong>hocloco</strong></span> <span class='ocrx_word' id='word_1_179' title='bbox 994 3209 1130 3274; x_wconf 80' lang='lat' dir='ltr'><strong>eundem</strong></span> <span class='ocrx_word' id='word_1_180' title='bbox 1150 3209 1248 3351; x_wconf 78' lang='lat' dir='ltr'><strong>brisso</strong></span> <span class='ocrx_word' id='word_1_181' title='bbox 1267 3218 1363 3367; x_wconf 83' lang='lat' dir='ltr'><strong>atque</strong></span> 
     </span>
     <span class='ocr_line' id='line_1_24' title="bbox 288 3318 1369 3387; baseline -0.012 0"><span class='ocrx_word' id='word_1_182' title='bbox 288 3326 400 3387; x_wconf 87' lang='lat' dir='ltr'><strong>autea</strong></span> <span class='ocrx_word' id='word_1_183' title='bbox 406 3318 474 3384; x_wconf 89' lang='lat' dir='ltr'><strong>ueri</strong></span> <span class='ocrx_word' id='word_1_184' title='bbox 495 3318 687 3383; x_wconf 88' lang='lat' dir='ltr'><strong>simillimum</strong></span> <span class='ocrx_word' id='word_1_185' title='bbox 707 3322 779 3382; x_wconf 86' lang='lat' dir='ltr'><strong>est.</strong></span> <span class='ocrx_word' id='word_1_186' title='bbox 988 3364 991 3372; x_wconf 90' lang='lat'>.</span> <span class='ocrx_word' id='word_1_187' title='bbox 1019 3353 1023 3377; x_wconf 65' lang='grc' dir='ltr'><strong>ι</strong></span> <span class='ocrx_word' id='word_1_188' title='bbox 1111 3343 1127 3354; x_wconf 83' lang='grc'><em>·</em></span> <span class='ocrx_word' id='word_1_189' title='bbox 1367 3335 1369 3342; x_wconf 95' lang='grc'><strong><em>·</em></strong></span> 
     </span>
    </p>

    <p class='ocr_par' dir='ltr' id='par_1_2' title="bbox 287 3349 1374 4784">
     <span class='ocr_line' id='line_1_25' title="bbox 397 3349 1363 3507; baseline 0.002 -18"><span class='ocrx_word' id='word_1_190' title='bbox 397 3424 512 3491; x_wconf 87' lang='lat' dir='ltr'><strong>Similis</strong></span> <span class='ocrx_word' id='word_1_191' title='bbox 540 3429 589 3488; x_wconf 84' lang='lat' dir='ltr'><strong>est</strong></span> <span class='ocrx_word' id='word_1_192' title='bbox 612 3423 723 3488; x_wconf 83' lang='lat' dir='ltr'><strong>ratio</strong></span> <span class='ocrx_word' id='word_1_193' title='bbox 714 3444 747 3487; x_wconf 91' lang='lat' dir='ltr'><strong>m</strong></span> <span class='ocrx_word' id='word_1_194' title='bbox 770 3423 818 3495; x_wconf 84' lang='lat' dir='ltr'><strong>iis</strong></span> <span class='ocrx_word' id='word_1_195' title='bbox 841 3443 932 3507; x_wconf 90' lang='lat' dir='ltr'><strong>quae</strong></span> <span class='ocrx_word' id='word_1_196' title='bbox 943 3364 1073 3489; x_wconf 74' lang='lat' dir='ltr'><strong>restant</strong></span> <span class='ocrx_word' id='word_1_197' title='bbox 1114 3349 1363 3491; x_wconf 79' lang='lat' dir='ltr'><strong>narratiuncula-</strong></span> 
     </span>
     <span class='ocr_line' id='line_1_26' title="bbox 287 3528 1374 3615; baseline 0.002 -16"><span class='ocrx_word' id='word_1_198' title='bbox 287 3553 362 3599; x_wconf 88' lang='lat' dir='ltr'><strong>rum</strong></span> <span class='ocrx_word' id='word_1_199' title='bbox 391 3547 471 3615; x_wconf 86' lang='lat' dir='ltr'><strong>quas</strong></span> <span class='ocrx_word' id='word_1_200' title='bbox 498 3552 565 3615; x_wconf 86' lang='lat' dir='ltr'><strong>cap.</strong></span> <span class='ocrx_word' id='word_1_201' title='bbox 593 3528 699 3595; x_wconf 84' lang='lat' dir='ltr'>XXIV</span> <span class='ocrx_word' id='word_1_202' title='bbox 727 3528 855 3597; x_wconf 78' lang='lat' dir='ltr'><strong>erhrbot</strong></span> <span class='ocrx_word' id='word_1_203' title='bbox 883 3529 1071 3596; x_wconf 75' lang='lat' dir='ltr'><strong>Plutarchus</strong></span> <span class='ocrx_word' id='word_1_204' title='bbox 1088 3529 1199 3597; x_wconf 72' lang='lat' dir='ltr'><strong>altera</strong></span> <span class='ocrx_word' id='word_1_205' title='bbox 1217 3534 1374 3602; x_wconf 80' lang='lat' dir='ltr'><strong>uniuerso·</strong></span> 
     </span>
     <span class='ocr_line' id='line_1_27' title="bbox 287 3636 1374 3723; baseline 0.001 -18"><span class='ocrx_word' id='word_1_206' title='bbox 287 3638 428 3705; x_wconf 81' lang='lat' dir='ltr'><strong>concinit</strong></span> <span class='ocrx_word' id='word_1_207' title='bbox 455 3658 526 3701; x_wconf 89' lang='lat' dir='ltr'><strong>cum</strong></span> <span class='ocrx_word' id='word_1_208' title='bbox 553 3636 643 3701; x_wconf 90' lang='lat' dir='ltr'><strong>Liuio</strong></span> <span class='ocrx_word' id='word_1_209' title='bbox 671 3636 786 3714; x_wconf 80' lang='lat' dir='ltr'>XXIV,</span> <span class='ocrx_word' id='word_1_210' title='bbox 814 3637 869 3715; x_wconf 82' lang='lat'><strong>44,</strong></span> <span class='ocrx_word' id='word_1_211' title='bbox 897 3658 1086 3720; x_wconf 87' lang='lat' dir='ltr'><strong>quamquam</strong></span> <span class='ocrx_word' id='word_1_212' title='bbox 1113 3637 1286 3723; x_wconf 79' lang='lat' dir='ltr'><strong>perperam</strong></span> <span class='ocrx_word' id='word_1_213' title='bbox 1303 3640 1374 3706; x_wconf 53' lang='lat' dir='ltr'><strong>hoo*</strong></span> 
     </span>
     <span class='ocr_line' id='line_1_28' title="bbox 287 3726 1363 3826; baseline 0.001 -16"><span class='ocrx_word' id='word_1_214' title='bbox 287 3746 359 3810; x_wconf 91' lang='lat' dir='ltr'><strong>loco</strong></span> <span class='ocrx_word' id='word_1_215' title='bbox 393 3746 523 3808; x_wconf 84' lang='lat' dir='ltr'><strong>narrata</strong></span> <span class='ocrx_word' id='word_1_216' title='bbox 556 3746 604 3807; x_wconf 89' lang='lat' dir='ltr'><strong>est</strong></span> <span class='ocrx_word' id='word_1_217' title='bbox 637 3762 658 3805; x_wconf 87' lang='lat' dir='ltr'><strong>a</strong></span> <span class='ocrx_word' id='word_1_218' title='bbox 689 3741 877 3819; x_wconf 81' lang='lat' dir='ltr'><strong>Plutarcho,</strong></span> <span class='ocrx_word' id='word_1_219' title='bbox 906 3741 981 3825; x_wconf 89' lang='lat' dir='ltr'><strong>quia</strong></span> <span class='ocrx_word' id='word_1_220' title='bbox 1007 3742 1071 3807; x_wconf 89' lang='lat' dir='ltr'><strong>iam</strong></span> <span class='ocrx_word' id='word_1_221' title='bbox 1098 3749 1246 3826; x_wconf 86' lang='lat' dir='ltr'><strong>quattuor</strong></span> <span class='ocrx_word' id='word_1_222' title='bbox 1274 3726 1363 3811; x_wconf 83' lang='lat' dir='ltr'><strong>annis</strong></span> 
     </span>
     <span class='ocr_line' id='line_1_29' title="bbox 289 3839 1362 3931; baseline -0.002 -13"><span class='ocrx_word' id='word_1_223' title='bbox 289 3856 365 3919; x_wconf 87' lang='lat' dir='ltr'><strong>ante</strong></span> <span class='ocrx_word' id='word_1_224' title='bbox 393 3848 564 3915; x_wconf 80' lang='lat' dir='ltr'><strong>Tarentum</strong></span> <span class='ocrx_word' id='word_1_225' title='bbox 592 3852 718 3931; x_wconf 86' lang='lat' dir='ltr'><strong>captum</strong></span> <span class='ocrx_word' id='word_1_226' title='bbox 745 3846 827 3912; x_wconf 89' lang='lat' dir='ltr'><strong>filius</strong></span> <span class='ocrx_word' id='word_1_227' title='bbox 850 3839 1014 3913; x_wconf 81' lang='lat' dir='ltr'><strong>consulatu</strong></span> <span class='ocrx_word' id='word_1_228' title='bbox 1035 3848 1160 3913; x_wconf 81' lang='lat' dir='ltr'><strong>funchrs</strong></span> <span class='ocrx_word' id='word_1_229' title='bbox 1183 3856 1260 3929; x_wconf 88' lang='lat' dir='ltr'><strong>crat,</strong></span> <span class='ocrx_word' id='word_1_230' title='bbox 1282 3852 1362 3916; x_wconf 80' lang='lat' dir='ltr'><strong>alte·</strong></span> 
     </span>
     <span class='ocr_line' id='line_1_30' title="bbox 287 3953 1362 4044; baseline -0.001 -19"><span class='ocrx_word' id='word_1_231' title='bbox 287 3980 359 4025; x_wconf 85' lang='lat' dir='ltr'><strong>ram</strong></span> <span class='ocrx_word' id='word_1_232' title='bbox 386 3957 420 4022; x_wconf 93' lang='lat' dir='ltr'><strong>in</strong></span> <span class='ocrx_word' id='word_1_233' title='bbox 447 3954 611 4020; x_wconf 88' lang='lat' dir='ltr'><strong>undecimo</strong></span> <span class='ocrx_word' id='word_1_234' title='bbox 639 3954 719 4020; x_wconf 91' lang='lat' dir='ltr'><strong>libro</strong></span> <span class='ocrx_word' id='word_1_235' title='bbox 747 3953 831 4018; x_wconf 85' lang='lat' dir='ltr'><strong>Liuii</strong></span> <span class='ocrx_word' id='word_1_236' title='bbox 858 3953 953 4018; x_wconf 75' lang='lat' dir='ltr'><strong>finisse</strong></span> <span class='ocrx_word' id='word_1_237' title='bbox 980 3954 1048 4019; x_wconf 86' lang='lat' dir='ltr'><strong>ueri</strong></span> <span class='ocrx_word' id='word_1_238' title='bbox 1075 3954 1175 4020; x_wconf 89' lang='lat' dir='ltr'><strong>simile</strong></span> <span class='ocrx_word' id='word_1_239' title='bbox 1203 3963 1259 4023; x_wconf 86' lang='lat' dir='ltr'><strong>est.</strong></span> <span class='ocrx_word' id='word_1_240' title='bbox 1303 3981 1362 4044; x_wconf 94' lang='lat' dir='ltr'><strong>pu-</strong></span> 
     </span>
     <span class='ocr_line' id='line_1_31' title="bbox 287 4059 1362 4151; baseline -0.012 -21"><span class='ocrx_word' id='word_1_241' title='bbox 287 4070 389 4151; x_wconf 85' lang='lat' dir='ltr'><strong>gnant</strong></span> <span class='ocrx_word' id='word_1_242' title='bbox 418 4084 494 4127; x_wconf 90' lang='lat' dir='ltr'><strong>uero</strong></span> <span class='ocrx_word' id='word_1_243' title='bbox 521 4062 605 4127; x_wconf 85' lang='lat' dir='ltr'><strong>inter</strong></span> <span class='ocrx_word' id='word_1_244' title='bbox 633 4082 675 4139; x_wconf 89' lang='lat' dir='ltr'><strong>se,</strong></span> <span class='ocrx_word' id='word_1_245' title='bbox 704 4060 790 4145; x_wconf 90' lang='lat' dir='ltr'><strong>quod</strong></span> <span class='ocrx_word' id='word_1_246' title='bbox 811 4059 1044 4127; x_wconf 84' lang='lat' dir='ltr'><strong>celeberrimum</strong></span> <span class='ocrx_word' id='word_1_247' title='bbox 1075 4062 1164 4127; x_wconf 92' lang='lat' dir='ltr'><strong>illum</strong></span> <span class='ocrx_word' id='word_1_248' title='bbox 1195 4064 1231 4143; x_wconf 84' lang='lat' dir='ltr'><strong>Q.</strong></span> <span class='ocrx_word' id='word_1_249' title='bbox 1267 4065 1362 4132; x_wconf 71' lang='lat' dir='ltr'><strong>Fabi.</strong></span> 
     </span>
     <span class='ocr_line' id='line_1_32' title="bbox 289 4167 1363 4250; baseline 0.001 -13"><span class='ocrx_word' id='word_1_250' title='bbox 289 4193 346 4237; x_wconf 91' lang='lat' dir='ltr'><strong>um</strong></span> <span class='ocrx_word' id='word_1_251' title='bbox 371 4169 544 4235; x_wconf 86' lang='lat' dir='ltr'><strong>Maximum</strong></span> <span class='ocrx_word' id='word_1_252' title='bbox 577 4167 755 4232; x_wconf 87' lang='lat' dir='ltr'><strong>Rullianum</strong></span> <span class='ocrx_word' id='word_1_253' title='bbox 787 4188 940 4250; x_wconf 88' lang='lat' dir='ltr'><strong>proauum</strong></span> <span class='ocrx_word' id='word_1_254' title='bbox 974 4167 1139 4233; x_wconf 83' lang='lat' dir='ltr'><strong>Verrucosi</strong></span> <span class='ocrx_word' id='word_1_255' title='bbox 1178 4170 1363 4238; x_wconf 83' lang='lat' dir='ltr'><strong>Plutarchus</strong></span> 
     </span>
     <span class='ocr_line' id='line_1_33' title="bbox 289 4275 1362 4363; baseline -0.001 -17"><span class='ocrx_word' id='word_1_256' title='bbox 289 4280 378 4357; x_wconf 88' lang='lat' dir='ltr'><strong>dicit,</strong></span> <span class='ocrx_word' id='word_1_257' title='bbox 402 4276 511 4342; x_wconf 89' lang='lat' dir='ltr'><strong>Liuius</strong></span> <span class='ocrx_word' id='word_1_258' title='bbox 545 4298 641 4342; x_wconf 85' lang='lat' dir='ltr'><strong>auum</strong></span> <span class='ocrx_word' id='word_1_259' title='bbox 674 4275 796 4363; x_wconf 88' lang='lat' dir='ltr'>(XXX,</span> <span class='ocrx_word' id='word_1_260' title='bbox 831 4276 899 4361; x_wconf 79' lang='lat'><strong>26).</strong></span> <span class='ocrx_word' id='word_1_261' title='bbox 958 4276 1090 4342; x_wconf 88' lang='lat' dir='ltr'><strong>Fabium</strong></span> <span class='ocrx_word' id='word_1_262' title='bbox 1131 4275 1196 4341; x_wconf 91' lang='lat' dir='ltr'><strong>filio</strong></span> <span class='ocrx_word' id='word_1_263' title='bbox 1238 4284 1362 4345; x_wconf 85' lang='lat' dir='ltr'><strong>mortuo</strong></span> 
     </span>
     <span class='ocr_line' id='line_1_34' title="bbox 288 4380 1364 4472; baseline -0.001 -21"><span class='ocrx_word' id='word_1_264' title='bbox 288 4385 508 4472; x_wconf 84' lang='lat' dir='ltr'><strong>parentauisse</strong></span> <span class='ocrx_word' id='word_1_265' title='bbox 529 4388 565 4447; x_wconf 91' lang='lat' dir='ltr'><strong>ut</strong></span> <span class='ocrx_word' id='word_1_266' title='bbox 586 4380 702 4467; x_wconf 86' lang='lat' dir='ltr'><strong>prodat</strong></span> <span class='ocrx_word' id='word_1_267' title='bbox 722 4381 832 4447; x_wconf 86' lang='lat' dir='ltr'><strong>Liuius</strong></span> <span class='ocrx_word' id='word_1_268' title='bbox 846 4386 972 4447; x_wconf 86' lang='lat' dir='ltr'><strong>tantum</strong></span> <span class='ocrx_word' id='word_1_269' title='bbox 993 4381 1092 4460; x_wconf 89' lang='lat' dir='ltr'><strong>abest,</strong></span> <span class='ocrx_word' id='word_1_270' title='bbox 1113 4386 1150 4446; x_wconf 91' lang='lat' dir='ltr'><strong>ut</strong></span> <span class='ocrx_word' id='word_1_271' title='bbox 1170 4381 1270 4447; x_wconf 88' lang='lat' dir='ltr'><strong>filium</strong></span> <span class='ocrx_word' id='word_1_272' title='bbox 1290 4389 1364 4468; x_wconf 89' lang='lat' dir='ltr'><strong>post</strong></span> 
     </span>
     <span class='ocr_line' id='line_1_35' title="bbox 288 4487 1363 4573; baseline -0.005 -14"><span class='ocrx_word' id='word_1_273' title='bbox 288 4497 426 4559; x_wconf 87' lang='lat' dir='ltr'><strong>mortem</strong></span> <span class='ocrx_word' id='word_1_274' title='bbox 451 4489 551 4573; x_wconf 84' lang='lat' dir='ltr'><strong>patn&#39;s</strong></span> <span class='ocrx_word' id='word_1_275' title='bbox 577 4508 727 4572; x_wconf 84' lang='lat' dir='ltr'><strong>augurem</strong></span> <span class='ocrx_word' id='word_1_276' title='bbox 753 4488 786 4552; x_wconf 93' lang='lat' dir='ltr'><strong>in</strong></span> <span class='ocrx_word' id='word_1_277' title='bbox 812 4487 915 4554; x_wconf 87' lang='lat' dir='ltr'><strong>locum</strong></span> <span class='ocrx_word' id='word_1_278' title='bbox 946 4489 1012 4554; x_wconf 89' lang='lat' dir='ltr'><strong>eius</strong></span> <span class='ocrx_word' id='word_1_279' title='bbox 1046 4488 1264 4571; x_wconf 85' lang='lat' dir='ltr'><strong>inauguratum</strong></span> <span class='ocrx_word' id='word_1_280' title='bbox 1295 4509 1363 4555; x_wconf 87' lang='lat' dir='ltr'><strong>esse</strong></span> 
     </span>
     <span class='ocr_line' id='line_1_36' title="bbox 288 4586 1364 4683; baseline -0.004 -18"><span class='ocrx_word' id='word_1_281' title='bbox 288 4586 411 4665; x_wconf 67' lang='lat' dir='ltr'><strong>naret</strong></span> <span class='ocrx_word' id='word_1_282' title='bbox 428 4594 543 4683; x_wconf 89' lang='lat' dir='ltr'>(XXX,</span> <span class='ocrx_word' id='word_1_283' title='bbox 572 4594 639 4681; x_wconf 81' lang='grc'>26).</span> <span class='ocrx_word' id='word_1_284' title='bbox 685 4593 818 4660; x_wconf 85' lang='lat' dir='ltr'><strong>Fabium</strong></span> <span class='ocrx_word' id='word_1_285' title='bbox 845 4594 926 4659; x_wconf 87' lang='lat' dir='ltr'><strong>mira</strong></span> <span class='ocrx_word' id='word_1_286' title='bbox 958 4614 1029 4659; x_wconf 85' lang='lat' dir='ltr'><strong>eum</strong></span> <span class='ocrx_word' id='word_1_287' title='bbox 1062 4594 1238 4660; x_wconf 84' lang='lat' dir='ltr'><strong>constantia</strong></span> <span class='ocrx_word' id='word_1_288' title='bbox 1266 4599 1364 4679; x_wconf 86' lang='lat' dir='ltr'><strong>atque</strong></span> 
     </span>
     <span class='ocr_line' id='line_1_37' title="bbox 290 4698 1364 4784; baseline -0.005 -13"><span class='ocrx_word' id='word_1_289' title='bbox 290 4703 452 4771; x_wconf 86' lang='lat' dir='ltr'><strong>offirmata</strong></span> <span class='ocrx_word' id='word_1_290' title='bbox 479 4701 642 4766; x_wconf 82' lang='lat' dir='ltr'><strong>uoluntate</strong></span> <span class='ocrx_word' id='word_1_291' title='bbox 670 4699 806 4766; x_wconf 87' lang='lat' dir='ltr'><strong>consiliis</strong></span> <span class='ocrx_word' id='word_1_292' title='bbox 840 4698 1000 4784; x_wconf 84' lang='lat' dir='ltr'><strong>Scipionis,</strong></span> <span class='ocrx_word' id='word_1_293' title='bbox 1035 4699 1089 4784; x_wconf 92' lang='lat' dir='ltr'><strong>qui</strong></span> <span class='ocrx_word' id='word_1_294' title='bbox 1116 4704 1241 4765; x_wconf 63' lang='lat' dir='ltr'><strong>cauam</strong></span> <span class='ocrx_word' id='word_1_295' title='bbox 1272 4699 1364 4767; x_wconf 84' lang='lat' dir='ltr'><strong>Fabii</strong></span> 
     </span>
    </p>
   </div>
   <div class='ocr_carea' id='block_1_2' title="bbox 0 0 1714 5567">
    <p class='ocr_par' dir='ltr' id='par_1_3' title="bbox 0 0 1714 5567">
     <span class='ocr_line' id='line_1_38' title="bbox 0 0 1714 5567; baseline 0 0"><span class='ocrx_word' id='word_1_296' title='bbox 0 0 1714 5567; x_wconf 95' lang='lat' dir='ltr'><strong> </strong></span> 
     </span>
    </p>
   </div>
  </div>
 </body>
</html>
