3417 5567
737 656 956 724 -39-

304 888 375 936 mos
397 892 419 935 a
439 870 572 956 pristina
595 871 773 937 monitate
795 891 833 937 ac
847 872 1018 938 mneritate
1038 876 1204 951 anntsmt,
1226 873 1381 957 signidem

305 978 416 1045 Liuius
440 982 527 1056 XXV,
555 978 612 1057 40,
641 978 766 1062 copiose
796 979 945 1063 explanat
972 978 1159 1046 Plutarchus
1189 982 1264 1046 11111.
1312 984 1383 1047 tnm'

307 1085 505 1151 consentiens
527 1106 599 1150 cum
620 1084 711 1151 Liuio
726 1087 841 1172 (xxva
858 1084 917 1171 21)
939 1084 1046 1170 prodit
1066 1086 1249 1153 Marcellum
1269 1088 1380 1153 trium-

305 1192 371 1277 pho
388 1191 421 1277 ⁸)
450 1197 573 1275 negato,
603 1190 677 1279 quia
705 1188 844 1257 nondum
873 1190 1066 1257 debellatrm
1094 1197 1177 1256 esset
1202 1192 1237 1257 iu
1263 1190 1380 1271 Sicilia,

305 1299 341 1363 in
370 1300 478 1363 monte
511 1296 633 1363 Albano
683 1296 892 1381 triumphasse
926 1299 1021 1385 alqrre
1064 1303 1212 1362 ouantem
1247 1298 1281 1362 in
1313 1316 1380 1365 'sur-

307 1404 380 1469 bem
408 1404 542 1469 inhasse
566 1404 682 1489 (llllll).
733 1422 814 1490 quae
835 1423 913 1468 uero
933 1402 975 1468 de
995 1402 1146 1491 triumphi
1168 1409 1202 1468 et
1223 1404 1380 1470 ouationis

306 1510 485 1576 discrimine
516 1529 554 1573 ac
582 1507 765 1573 denomino
788 1508 943 1573 ouaticnis
965 1507 1112 1574 dissentit
1132 1508 1319 1575 Plutarchus
1341 1530 1382 1575 ex

306 1636 401 1706 opere
430 1616 545 1703 aliquo,
572 1614 657 1702 quod
684 1614 889 1701 antiqnitates
921 1613 1079 1688 Romanas
1106 1615 1381 1703 complectebatur,

305 1724 408 1812 petita
429 1742 499 1787 esse
518 1721 720 1787 manifestum
742 1726 798 1787 est.
826 1726 1010 1787 accusatus
1031 1742 1109 1787 uero
1127 1722 1243 1787 nimiae
1265 1722 1382 1810 iniqui·

305 1828 383 1895 talia
410 1848 449 1894 ac
476 1826 670 1893 crudelitatis
692 1848 713 1892 a
734 1826 846 1892 Siculis
868 1826 1036 1893 Marcellus
1057 1828 1127 1915 pari
1147 1827 1243 1894 modo
1264 1850 1381 1914 purga·

305 1941 361 2000 tur
381 1954 420 1999 ae
437 1932 587 1999 laudibus
609 1932 785 1999 celebratur
806 1932 860 2019 (ci.
876 1933 1067 1998 econamum
1079 1932 1230 2000 iodicium
1243 1934 1380 2023 Appiani

305 2041 390 2108 Sioil.
413 2041 435 2105 4
463 2044 496 2105 et
523 2038 655 2105 Diodori
676 2038 786 2123 fragm.
809 2038 882 2104 libn·
904 2039 1019 2124 XXVI).
1069 2060 1142 2106 eum
1163 2041 1246 2105 enim
1268 2060 1303 2106 se
1324 2041 1380 2106 de·

288 2128 442 2215 'fendisse
463 2147 497 2211 in
519 2152 632 2211 senatu
653 2166 759 2211 coram
774 2144 1062 2224 calumniatoribus,
1083 2146 1262 2213 absolutum
1276 2152 1382 2213 autern

304 2256 432 2325 ueniam
453 2252 632 2343 petentibus
654 2252 809 2336 ignouisse
835 2256 934 2335 atque¹
961 2252 1123 2340 exquisitis
1148 2252 1319 2320 honoribus
1340 2254 1382 2319 ab

304 2366 345 2429 iis
367 2361 516 2429 affectum
541 2379 608 2423 esse
630 2363 763 2446 uterque
783 2364 892 2423 narrat
925 2358 1022 2445 (Plut
1051 2360 1158 2435 xxua
1187 2359 1256 2424 Lin
1280 2362 1381 2438 xxvi,

305 2469 463 2554 29-32).
514 2465 553 2530 de
586 2465 714 2548 singulis
748 2469 855 2530 autem
874 2463 934 2528 *ita
963 2464 1046 2529 inter
1078 2485 1112 2528 se
1134 2463 1323 2549 discrepant,
1345 2470 1384 2530 ut

305 2575 416 2641 Liuius
443 2572 603 2639 Plutarchi
630 2571 700 2637 iona
726 2570 836 2637 haben‘
863 2590 929 2635 non
955 2571 1063 2658 possit
1107 2590 1210 2659 neque
1232 2592 1311 2660 opus
1333 2576 1383 2638 est

308 2700 416 2747 omnes
437 2678 663 2765 discrepantias
685 2697 765 2765 quae
787 2676 865 2741 satis
886 2677 1071 2760 conspicuae
1093 2678 1157 2744 sint
1177 2697 1370 2743 enumerare.

426 2784 455 2850 A
488 2784 591 2873 capite
621 2788 844 2851 xxiv-cxxvi
875 2784 1004 2871 propius
1041 2783 1203 2849 Plutarchi
1241 2786 1381 2850 narratio

310 2892 431 2960 acceffit
458 2891 500 2956 ad
528 2891 662 2957 Liuium.
698 2911 787 2959 »nam
808 2890 848 2954 de
870 2890 1001 2973 singulis
1021 2889 1116 2955 rebus
1137 2890 1224 2955 domi
1246 2890 1382 2978 bellique

264 2988 270 2995 ⁵
310 3000 389 3065 actis
415 2999 462 3063 ita
488 2998 696 3074 consentiunt,
728 3001 766 3063 ut
787 2996 989 3083 quaelusins
1009 2996 1118 3062 Liuius
1140 2998 1285 3085 exposuit
1305 2998 1382 3063 Plu·

310 3106 438 3173 tarchua
459 3105 492 3171 in
520 3104 647 3169 breuius
676 3103 812 3187 coegisse
841 3101 987 3168 uideatur
1017 3102 1103 3189 (Liu.
1126 3106 1249 3181 xxvii,
1278 3106 1381 3180 1-23

310 3213 415 3289 4—53
432 3211 586 3295 12-14).
609 3214 774 3298 praeterea
783 3229 918 3293 mergara
932 3208 1088 3295 quaedam
1099 3195 1183 3274 dicta
1193 3208 1335 3275 Marcelli
1348 3217 1383 3275 et
1427 3241 1435 3271 r

310 3319 497 3386 Hannibalis
525 3316 609 3405 apud
635 3322 802 3404 utmmque
823 3317 870 3381 ita
891 3320 1074 3405 comparata
1095 3320 1178 3393 sunt,
1199 3320 1237 3380 ut
1256 3316 1381 3382 Plutar-

312 3427 390 3493 chus
412 3424 495 3491 Liuii
518 3424 616 3490 uerba
639 3424 769 3489 uertisse
792 3422 945 3489 nidenan.
968 3422 1090 3488 accedit
1109 3421 1195 3510 quod
1218 3423 1286 3511 ipse
1307 3423 1382 3489 Plu·

310 3532 437 3599 tarchus
466 3535 567 3608 lllllll,
595 3530 639 3595 20
667 3529 709 3595 ad
741 3528 868 3595 Liuium
884 3530 1078 3618 prouocauit
1123 3528 1179 3594 sed
1199 3531 1382 3618 priusquam

311 3636 515 3703 diiudicemus
545 3636 627 3702 hanc
649 3636 885 3723 quaestionem,
906 3636 1002 3725 paulo
1028 3637 1204 3701 accuratius
1225 3636 1382 3701 inlocum

310 3746 344 3810 in
374 3763 437 3831 quo
471 3742 553 3806 Liuii
596 3762 709 3808 nomen
746 3741 894 3807 laudatur
927 3762 947 3807 a
979 3738 1148 3807 Plutarcho
1178 3742 1381 3828 inquiramus.
1514 3747 1524 3761 ’

310 3856 478 3939 postquam
511 3849 594 3912 enim
626 3847 767 3913 narrauit
798 3846 853 3913 On.
885 3846 1032 3914 Frduium
1063 3847 1280 3935 proconsulem
1311 3869 1382 3913 cum

311 3957 449 4022 exercitu
477 3954 614 4020 deletum
641 3974 709 4023 esse
730 3952 809 4019 boec
830 3953 922 4018 dicit:
946 3952 1096 4041 ἔπεμψεν
1117 3954 1313 4040 (Marcellus)
1335 3956 1381 4030 εἰς

310 4060 438 4151 Ῥώμην
459 4059 628 4149 γράμματα
649 4058 722 4139 τούς
744 4062 876 4136 πολίτας
897 4062 1090 4145 παρακαλῶν
1110 4057 1262 4148 dadberto·
1286 4060 1381 4138 αὐτὸς

309 4168 369 4257 γὰρ
399 4164 461 4258 ἤδη
494 4171 636 4253 βαδίζειν
667 4163 709 4243 ὥς
742 4166 895 4251 ἀφέλοιτο
926 4164 986 4254 τήν
1016 4164 1120 4253 χαρὰν
1147 4170 1203 4234 τοῦ
1234 4167 1381 4252 Ἀννίβου.

309 4417 522 4434 W

416 4542 438 4608 'l
458 4544 562 4593 Notatur
584 4540 747 4592 Plutarchum
770 4538 864 4592 referre
886 4542 984 4592 tertium
1006 4534 1155 4605 triumphum
1174 4540 1291 4603 petiuisse
1310 4538 1380 4587 Mar·
1478 4606 1486 4617 p

310 4630 400 4683 cellum
427 4634 452 4683 in
481 4644 562 4697 eaque
580 4630 694 4696 opinione
712 4630 822 4695 perstare
845 4628 873 4679 in
895 4642 973 4696 comp.
992 4623 1078 4694 Pelop.
1099 4628 1123 4678 e't
1139 4628 1219 4678 Marc.
1238 4626 1286 4684 111,
1305 4624 1381 4675 altero

309 4721 432 4787 triumpho
450 4736 532 4786 neque
551 4718 655 4785 abipso
674 4732 755 4785 neque
774 4718 806 4770 ab
825 4718 876 4770 ullo
895 4723 996 4771 auctore
1013 4720 1205 4770 commemorato.
