3417 5567
755 652 972 718 ,39-

330 863 576 929 demonstratum
602 862 725 927 sithoc
750 862 820 928 loco
842 864 961 947 optimo
982 864 1051 929 iure
1072 864 1233 943 conicitur,
1255 888 1397 952 praeser-

330 971 389 1034 tim
410 990 481 1033 enm
498 991 659 1052 nunquam
678 970 762 1034 inter
782 992 816 1035 se
837 970 1033 1049 ‹lissenbant
1056 971 1097 1037 ab
1118 972 1272 1057 Eutropio
1293 981 1399 1041 autem

330 1076 466 1161 pendere
499 1074 643 1141 Oreum
674 1078 728 1160 qui
759 1078 860 1142 multo
893 1078 992 1143 fusius
1025 1100 1075 1143 res
1106 1081 1285 1164 exposuerit
1315 1080 1399 1145 credi

331 1204 395 1249 non
420 1183 529 1267 possit.
579 1188 675 1266 atque
702 1204 765 1247 non
792 1184 894 1247 solum
916 1204 997 1267 quae
1021 1185 1162 1249 narrauit
1184 1185 1292 1251 Liuius
1314 1207 1398 1251 sum·

330 1290 441 1355 matim
472 1286 619 1365 reimunt,
652 1288 709 1353 sed
742 1289 837 1353 etim
864 1289 947 1354 unde
976 1290 1115 1355 hauserit
1136 1312 1175 1357 ea
1196 1292 1311 1357 docent
1332 1314 1397 1359 nos

331 1395 373 1461 de
393 1396 512 1479 ingenti
532 1394 615 1459 enirn
641 1394 717 1458 belli
738 1401 894 1478 apparatu
915 1394 1100 1461 disserentes
1123 1396 1262 1463 adiciunt
1283 1398 1398 1464 Eutro-

329 1504 415 1588 pius:
444 1500 676 1583 „traditumque
703 1506 753 1565 est
774 1521 795 1564 a
815 1498 914 1565 Fabio
935 1500 1083 1567 historico
1105 1504 1160 1586 qui
1193 1504 1223 1568 ei
1244 1504 1328 1569 bello
1349 1506 1397 1569 in-

330 1608 469 1685 terluit,“
491 1606 634 1672 Orosius:
658 1606 761 1684 „sicum
780 1607 899 1671 Fabius
919 1608 1084 1673 historicus
1105 1610 1161 1693 qui
1191 1610 1293 1675 eidem
1314 1610 1398 1676 bello

329 1713 474 1779 interfuit
499 1713 670 1797 scripsit“-
696 1718 894 1801 nouantem
914 1715 1014 1797 ipsius
1034 1712 1125 1780 Fabii
1146 1712 1278 1781 Pictoris
1299 1738 1399 1783 anna-

329 1822 376 1886 les
403 1841 457 1887 eos
484 1818 665 1903 inspexisse,
692 1818 1398 1909 seduomeneiuselirriotransscripsisse

332 1948 424 1993 nemo
444 1947 509 1992 non
526 1926 692 2009 intellegit.
741 1927 805 1990 iam
827 1946 903 1991 uero
925 1945 996 1991 oum
1017 1926 1157 1993 Zonarae
1178 1928 1305 1995 uberior
1325 1930 1399 1995 belli

331 2032 499 2117 descriptio
522 2032 670 2101 oensnat
693 2037 727 2095 et
764 2038 916 2115 00th
946 2053 1018 2097 cum
1039 2031 1191 2118 Eutropio
1217 2042 1251 2100 et
1278 2035 1398 2113 Oresio,

331 2140 387 2205 uix
408 2137 545 2203 dubitari
561 2133 668 2221 potio
684 2135 761 2221 quin
780 2138 858 2201 item
880 2138 941 2203 Dio
963 2136 1098 2217 Cassius,
1121 2161 1214 2223 quem
1237 2143 1399 2227 exscripsit

331 2248 479 2323 Zmarre,
500 2250 597 2328 atque
618 2244 727 2309 liuius
747 2242 880 2309 Fabium
894 2244 1050 2309 Pictorem
1064 2251 1224 2312 auctorem
1245 2248 1397 2314 habuerit

332 2352 374 2418 ab
400 2351 460 2417 hac
485 2370 562 2415 uero
591 2348 733 2416 Fabiana
758 2351 936 2445 narratione
964 2362 1155 2440 quamquam
1181 2374 1275 2442 saepe
1301 2354 1399 2443 pluri-

331 2458 736 2543 mumdistatPolybius,')
757 2457 1010 2523 tamen'Fabium
1024 2458 1178 2523 Pictorem
1201 2459 1253 2525 ab·
1265 2480 1302 2525 eo
1324 2479 1398 2526 con-

332 2565 559 2630 srrlbrmesse'
572 2584 644 2629 eum
666 2565 734 2629 aliis
757 2586 838 2653 quae
861 2564 1041 2652 conspirant
1061 2584 1134 2629 cum
1157 2566 1268 2631 ceteris
1290 2574 1399 2633 aucto·

262 2759 268 2774 κ
332 2672 418 2738 san
450 2671 605 2755 arm-(11,
637 2671 844 2756 raynonis:
876 2672 961 2737 rora
990 2654 1031 2762 ἦν
1060 2671 1113 2740 aa
1143 2670 1333 2757 sapam
1362 2671 1398 2740 s

332 2782 511 2863 συμβαῖνον
530 2784 596 2853 τοῖς
616 2774 655 2844 ἐν
676 2775 763 2865 αὐτῷ
783 2780 827 2866 τῷ
848 2779 948 2864 καιρῷ
969 2775 1038 2844 τότε
1059 2780 1216 2863 παροῦσιν
1237 2780 1402 2863 significari

331 2884 465 2951 uidetur.
493 2918 537 2933 -—
564 2882 614 2948 his
640 2884 817 2971 explanatis
844 2882 921 2971 quid
948 2883 987 2947 de
1015 2883 1182 2949 Plutarcho
1204 2885 1403 2951 iudicandum

333 2992 375 3057 sit
395 2991 565 3055 uideamus.
611 3010 649 3055 ac
670 2989 835 3074 Polybium
849 2990 975 3077 quidem
995 2990 1112 3057 ibntem
1135 2992 1201 3057 eius
1224 3014 1287 3057 non
1307 2993 1402 3058 fuisse

331 3100 365 3164 in
387 3104 498 3187 aperto
516 3103 583 3175 est,
612 3099 686 3186 quia
712 3098 813 3163 multa
833 3098 901 3162 base
923 3103 1032 3162 narrat
1053 3096 1248 3175 Plutarchus,
1271 3119 1403 3186 quorum

332 3204 452 3270 nullum
466 3202 551 3292 apud
565 3203 729 3287 Polybium
742 3209 792 3268 eet
805 3204 984 3285 uestigium,
1006 3208 1039 3267 et
1060 3202 1099 3267 de
1114 3202 1293 3270 Mediolano
1308 3208 1401 3293 capto

333 3332 433 3397 aeque
448 3317 543 3399 obque
557 3310 652 3375 ceteri
667 3316 810 3374 auctores
822 3309 967 3374 dissentit
982 3309 1024 3373 ab
1040 3330 1085 3373 eo.
1119 3310 1276 3375 simillima
1297 3316 1402 3375 autern

333 3424 407 3484 sunt
428 3436 509 3505 quae
528 3416 713 3481 Plutarchus
734 3414 875 3503 prodidit
895 3416 925 3479 ei
947 3412 1031 3479 belli‘
1044 3414 1253 3503 descriptioni,
1276 3436 1402 3499 quame

333 3525 434 3591 tribus
448 3524 510 3590 illis
524 3522 705 3588 auctoribus
719 3542 827 3587 eruere
848 3543 887 3585 ac
910 3506 1083 3587 Fabianam
1105 3522 1208 3588 dicere
1229 3544 1401 3609 possumus.

333 3653 408 3697 nam
428 3626 547 3696 mirum
563 3635 714 3717 quantum
737 3628 893 3694 consentit
914 3626 954 3693 de
976 3628 1184 3694 (laesatorum
1205 3628 1331 3693 nomine
1353 3630 1401 3694 in·

332 3736 536 3827 terpretando
557 3756 627 3800 cum
650 3734 769 3814 Oresio,
792 3734 832 3799 de
852 3735 971 3817 ingenti
992 3734 1226 3822 perturbatione
1249 3740 1281 3799 et
1303 3754 1401 3823 appa-

334 3850 406 3909 ratu
426 3842 637 3908 Romanorum
660 3863 731 3908 cum
752 3842 904 3919 omnibus,
925 3842 966 3906 de
987 3840 1078 3907 Gallo
1101 3846 1134 3906 et
1156 3842 1257 3921 Galla,
1282 3842 1402 3907 Graeco

334 4074 545 4087 m

439 4180 464 4244 ’l
482 4180 537 4232 Nou
560 4176 687 4232 conciliari
714 4180 816 4246 possint
837 4194 893 4230 curn
916 4178 1003 4231 esteris
1027 4177 1169 4229 auctoribus
1192 4194 1257 4246 quae
1280 4178 1402 4248 Polybius

335 4268 366 4320 do
384 4271 471 4335 primis
486 4268 587 4335 proellis
603 4269 632 4321 L·
652 4268 759 4321 Aemilio
775 4268 848 4334 Papo
867 4266 894 4320 Ο.
913 4266 990 4319 Atilio
1005 4266 1105 4333 Regulo
1124 4282 1185 4319 coss.
1206 4270 1338 4321 commissis
1355 4284 1401 4321 ex·

334 4358 424 4425 posuit,
441 4362 493 4411 turn
511 4373 559 4409 non
576 4357 686 4409 seeundo
708 4357 752 4409 ssd
775 4359 845 4409 terto
864 4354 924 4407 belli
941 4372 1006 4407 aum
1023 4356 1148 4407 Romanos
1164 4360 1232 4407 bans
1249 4356 1348 4413 Padum
1365 4356 1402 4407 lc-

335 4447 544 4513 riona-duxisse
566 4446 646 4497 tradit.
687 4444 719 4496 ab
743 4436 793 4497 solo
817 4445 925 4511 denique
949 4442 1064 4510 Scipione
1082 4442 1185 4495 absente
1203 4444 1325 4497 Marcello
1343 4446 1402 4497 Me·

335 4535 459 4587 diolanum
481 4541 649 4603 expugnatum
673 4550 726 4606 esse
743 4532 812 4585 haud
829 4535 880 4584 scio
899 4550 931 4583 an
950 4530 1107 4599 Scipionibus
1125 4531 1239 4585 fauturus
1257 4536 1401 4589 narrauerit.

335 4630 462 4689 praeterea
475 4627 533 4691 quia
546 4625 577 4675 do
590 4624 664 4675 rebus
674 4620 774 4673 Gallicis
792 4616 981 4690 κεφαλαιωδῶς
1005 4620 1049 4687 (ΙΙ,
1070 4622 1113 4685 14)
1142 4621 1308 4673 tantummodo
1326 4636 1402 4687 agore

337 4710 385 4764 sibi
403 4716 562 4779 proposuerat
579 4710 655 4763 nrulta
672 4712 816 4776 perstrinxit
833 4715 876 4761 aut
898 4710 983 4763 omisit.
