3417 5567
756 646 975 712 „34-

328 862 511 931 Clastidium
540 858 643 924 deleta
670 878 738 923 esse
767 858 895 925 Orosius
922 858 1033 937 miert,
1067 860 1235 927 Plutarcho
1269 868 1399 932 aucmre

327 978 433 1037 autem
459 968 489 1033 X
517 973 641 1032 tantum
662 964 808 1033 miliaco
830 966 973 1051 profecta
994 972 1076 1045 sunt,
1099 988 1163 1033 non
1184 974 1251 1033 lam
1272 969 1397 1036 Plutar-

327 1081 419 1145 chum
441 1096 560 1141 errasse
582 1070 796 1158 putauerimus
819 1094 914 1157 quam
936 1072 1081 1139 Orosium
1103 1092 1265 1144 caesorum
1287 1098 1397 1143 nume.

325 1208 395 1253 rum
410 1189 559 1250 oumtoto
574 1182 780 1246 Gaesatcrum
794 1199 924 1245 numero
939 1179 1122 1245 confirdisse.
1144 1201 1218 1245 nam
1238 1186 1318 1248 XXX
1336 1184 1397 1250 mi·

325 1292 370 1357 lia
380 1313 433 1356 eos
444 1289 539 1354 fuisse
550 1310 613 1353 non
624 1286 718 1353 modo
731 1286 917 1352 Plutarchus
927 1287 983 1352 sod
995 1288 1092 1352 etiam·
1104 1288 1250 1373 Polybius
1269 1290 1323 1376 (II,
1337 1291 1400 1376 34)

325 1399 463 1465 tradunt⁵
484 1416 565 1481 quas
594 1400 752 1479 utcunque
779 1416 847 1460 sese
861 1391 980 1460 habent
994 1410 1058 1461 non
1075 1401 1148 1462 sunt
1163 1395 1396 1479 impedimento,

325 1505 488 1589 quominus
503 1508 653 1586 procerte
669 1506 826 1567 statuatur
840 1499 1000 1567 Plutarchi
1014 1501 1088 1567 belli
1102 1503 1313 1590 narrationem
1327 1522 1396 1569 esse

325 1609 456 1675 eandem
478 1630 573 1693 quam
595 1629 612 1671 e
635 1606 732 1673 Fabio
755 1608 879 1673 Pictore
893 1622 1036 1672 manasse
1052 1608 1261 1690 cognouimus.
1300 1630 1395 1692 quam

316 1701 430 1781 ‘utrum
451 1735 492 1779 ex
518 1714 616 1798 ipsius
638 1712 727 1777 Fain
755 1711 920 1777 annalibus
943 1733 984 1777 an
1006 1734 1024 1777 e
1045 1713 1138 1779 Liuio
1159 1713 1299 1779 hauserit
1320 1715 1395 1779 Plu-

324 1823 451 1889 tarchus
474 1842 513 1885 ex
534 1820 594 1885 hac
616 1820 848 1902 comparatione
864 1812 931 1883 erui
954 1840 1017 1885 uon
1034 1824 1147 1905 potest.
1186 1820 1248 1887 ‘sed
1269 1840 1340 1889 cum
1361 1822 1395 1886 in

324 1932 392 1995 uita
407 1926 498 1994 Fabii
514 1926 641 1991 Maximi
659 1926 814 1989 Pictorem
824 1930 985 1990 auctorem
1006 1926 1208 2010 praecipuum
1229 1926 1324 1992 fuisse
1345 1929 1395 1992 ui·

324 2037 474 2111 derimus,
506 2034 540 2097 in
566 2036 674 2097 nostra
700 2036 807 2096 autem
834 2033 902 2096 uita
923 2031 1048 2099 Liuium
1068 2032 1265 2115 potissimum
1285 2037 1394 2098 aucto-

324 2164 390 2209 rem
417 2140 527 2206 haberi
554 2160 619 2203 non
640 2159 732 2222 posse
753 2158 827 2203 mox
849 2137 1093 2204 demonstraturi
1115 2138 1222 2217 simus,
1244 2139 1395 2207 hocloco

323 2253 425 2334 ipsum
452 2246 584 2311 Fabium
613 2244 770 2309 Pictorem
798 2248 873 2309 ante
895 2245 999 2309 oculos
1021 2244 1169 2311 habuisse
1191 2245 1394 2311 Plutarchum

323 2356 413 2421 nobis
439 2372 623 2437 persuasum
654 2356 710 2416 est.
740 2388 782 2397 -
805 2349 907 2414 eidem
929 2355 1036 2415 autem
1056 2350 1136 2415 fonti
1157 2353 1300 2436 exempla
1320 2352 1394 2417 reli-

323 2463 422 2546 gionis
445 2460 536 2525 anxie
559 2480 579 2523 a
600 2458 748 2523 Romanis
769 2456 956 2523 obseruatus
970 2460 1054 2546 (cap.
1077 2459 1121 2543 V)
1142 2480 1206 2524 non
1226 2458 1394 2530 tribuenda

323 2589 390 2634 esse
425 2573 520 2650 atque
552 2586 592 2631 ex
619 2562 688 2630 aliis
715 2564 854 2631 fontibus
883 2585 937 2640 ea,
971 2586 1053 2649 quae
1080 2564 1121 2634 de
1147 2566 1254 2649 spoliis
1282 2566 1393 2650 opimis

322 2674 390 2741 Ioui
411 2673 551 2739 Feretrio
574 2670 725 2735 dedicatis
747 2670 931 2757 (cspVIII)
952 2670 1025 2736 fiuse‘
1043 2671 1246 2749 dissemnhm
1269 2678 1393 2757 sumpta

323 2802 389 2847 csse
410 2779 501 2846 facilc
522 2776 720 2859 intellegitur.

427 2887 465 2950 In
493 2882 643 2968 proximis
671 2881 825 2965 capitibus
847 2888 1016 2947 narrantur
1035 2861 1259 2967 proelia'oirca
1280 2882 1394 2949 Nolam

259 3044 269 3060 ‚,
321 2992 429 3059 urbem
458 3012 478 3055 a
505 2987 652 3085 Marcello
680 2993 790 3053 contra
817 2983 1027 3054 Hannibalem
1049 2989 1221 3055 commissa.
1266 3008 1392 3073 compa·

318 3100 384 3165 rari
405 3097 555 3163 hocloco
577 3100 683 3179 potest
704 3094 788 3161 solus
808 3095 916 3161 Liuius
940 3096 1057 3174 XXIII,
1082 3095 1228 3173 15-163
1250 3096 1390 3163 42-46.

321 3206 445 3271 Liuium
475 3207 590 3278 autem,
637 3222 827 3285 quamquam
867 3201 1083 3270 similitudines
1123 3201 1274 3287 quasdam
1310 3203 1393 3267 inter

321 3332 392 3375 eum
425 3315 457 3373 ct
488 3305 691 3373 Plutarchum
722 3306 914 3373 intercedere
943 3329 1056 3392 negare
1085 3309 1244 3386 nolumus,
1271 3308 1392 3375 iontem

320 3415 481 3483 Plutarchi
501 3434 565 3479 non
586 3414 683 3479 fuisso
704 3414 774 3479 luce
800 3418 848 3479 cst
881 3414 1004 3480 clarius.
1060 3436 1134 3480 nam
1163 3420 1201 3480 ut
1231 3436 1249 3480 e
1283 3414 1391 3480 multis

320 3543 401 3609 quae
429 3521 607 3604 discrepant
635 3519 718 3585 inter
750 3540 803 3585 eos
831 3540 933 3603 pauca
960 3520 1135 3599 afferamus,
1161 3538 1229 3605 cap.
1252 3522 1283 3587 X
1304 3539 1392 3587 come

320 3629 499 3715 alloquium,
523 3648 585 3711 quo
607 3626 771 3695 Marcellus
800 3626 949 3693 Bantium
976 3612 1153 3694 Poenorum
1180 3627 1322 3717 partibus
1342 3628 1391 3694 fa·

319 3742 444 3801 ueniam
476 3734 535 3799 sibi
561 3733 749 3809 conciliauit,
783 3732 875 3797 aliter
894 3732 985 3798 finxit
1009 3734 1195 3799 Plutarchus
1217 3740 1314 3818 atque
1336 3733 1390 3801 Li-

318 3845 388 3909 uius
416 3858 483 3926 cap.
513 3838 570 3916 15;
598 3858 664 3923 cap.
694 3839 749 3917 XI,
780 3839 910 3904 10-18
939 3860 978 3905 ex
1006 3842 1210 3925 eruptiones
1239 3840 1390 3906 Marcello

318 3950 402 4017 iactu
423 3946 610 4030 perspicitur
631 3946 725 4011 aliam
747 3946 842 4011 fuisse
864 3947 1024 4030 copiarum
1046 3948 1283 4013 collocationem
1305 3946 1391 4030 apud

318 4052 521 4119 Plutarchum
536 4072 631 4135 quam
646 4052 730 4140 apud
751 4051 876 4117 Liuium
892 4053 933 4116 16
949 4058 979 4135 ξ.
996 4054 1032 4129 8;
1044 4074 1123 4137 cap.
1145 4053 1222 4130 XII,
1258 4053 1389 4117 10-12

318 4158 504 4225 Plutarchus
538 4158 720 4227 Marcellum
752 4165 957 4242 prouocatum
985 4159 1026 4224 ab
1054 4158 1231 4225 Hannibale
1252 4180 1390 4243 pugnam

318 4267 506 4332 detrectasse
539 4264 701 4348 siguificat,
736 4287 807 4330 cum
841 4265 951 4330 Liuius
978 4266 1023 4331 44
1045 4271 1074 4349 §-
1097 4265 1185 4331 3-5
1208 4266 1390 4335 Marcellum

318 4373 480 4457 eruptione
508 4372 592 4437 facta
621 4372 767 4437 atrociter
796 4393 866 4437 cum
889 4364 1066 4437 Hannibale
1087 4392 1242 4455 pugnasse
1264 4378 1388 4448 narrat3

319 4501 385 4563 cap.
413 4478 489 4555 XII,
514 4478 556 4541 14
577 4476 762 4543 Plutarchus
785 4478 870 4543 solus
893 4484 1047 4543 memorat
1067 4478 1251 4543 Marcellum
1272 4478 1388 4544 Roma-

318 4606 429 4649 norum
451 4582 571 4667 pedites
594 4584 770 4668 praelongis
793 4585 949 4650 sociorum
970 4584 1130 4651 naualium
1151 4585 1250 4652 hastis
1272 4586 1388 4652 instra

317 4691 407 4753 uisse.
461 4688 515 4752 sed
549 4688 640 4771 longe
669 4690 792 4754 maioris
828 4690 877 4753 his
910 4690 1126 4773 discrepantiis
1158 4692 1307 4755 momenti
1339 4697 1389 4755 est

1561 1723 1562 1734 r

1561 1789 1563 1819 Ι

1561 1919 1563 1941 Ι

1561 1945 1563 1958 t

1561 2094 1563 2111 Ι

1408 4781 1411 4789 Ι
