<?xml version="1.0" encoding="UTF-8"?>
<!DOCTYPE html PUBLIC "-//W3C//DTD XHTML 1.0 Transitional//EN"
    "http://www.w3.org/TR/xhtml1/DTD/xhtml1-transitional.dtd">
<html xmlns="http://www.w3.org/1999/xhtml" xml:lang="en" lang="en">
 <head>
  <title>
</title>
<meta http-equiv="Content-Type" content="text/html;charset=utf-8" />
  <meta name='ocr-system' content='tesseract 3.04.00' />
  <meta name='ocr-capabilities' content='ocr_page ocr_carea ocr_par ocr_line ocrx_word'/>
</head>
<body>
  <div class='ocr_page' id='page_1' title='image "./quibusfontibusp01buchgoog_0110.png"; bbox 0 0 3417 5567; ppageno 0'>
   <div class='ocr_carea' id='block_1_1' title="bbox 756 646 975 713">
    <p class='ocr_par' dir='ltr' id='par_1_1' title="bbox 756 646 975 713">
     <span class='ocr_line' id='line_1_1' title="bbox 756 646 975 713; baseline 0.005 -19"><span class='ocrx_word' id='word_1_1' title='bbox 756 646 975 713; x_wconf 73' lang='grc'><strong>-34-</strong></span> 
     </span>
    </p>
   </div>
   <div class='ocr_carea' id='block_1_2' title="bbox 259 858 1400 4667">
    <p class='ocr_par' dir='ltr' id='par_1_2' title="bbox 322 858 1400 2872">
     <span class='ocr_line' id='line_1_2' title="bbox 328 858 1398 938; baseline -0.001 -8"><span class='ocrx_word' id='word_1_2' title='bbox 328 862 511 931; x_wconf 76' lang='lat' dir='ltr'><strong>Clastidium</strong></span> <span class='ocrx_word' id='word_1_3' title='bbox 540 858 643 925; x_wconf 91' lang='lat' dir='ltr'><strong>deleta</strong></span> <span class='ocrx_word' id='word_1_4' title='bbox 670 878 738 923; x_wconf 90' lang='lat' dir='ltr'><strong>esse</strong></span> <span class='ocrx_word' id='word_1_5' title='bbox 767 858 895 925; x_wconf 82' lang='lat' dir='ltr'><strong>Orosius</strong></span> <span class='ocrx_word' id='word_1_6' title='bbox 923 858 1033 938; x_wconf 80' lang='lat' dir='ltr'><strong>refert,</strong></span> <span class='ocrx_word' id='word_1_7' title='bbox 1067 860 1235 927; x_wconf 80' lang='lat' dir='ltr'><strong>Plutarcho</strong></span> <span class='ocrx_word' id='word_1_8' title='bbox 1270 868 1398 932; x_wconf 72' lang='lat' dir='ltr'><strong>erectore</strong></span> 
     </span>
     <span class='ocr_line' id='line_1_3' title="bbox 327 964 1397 1051; baseline 0 -15"><span class='ocrx_word' id='word_1_9' title='bbox 327 976 433 1037; x_wconf 89' lang='lat' dir='ltr'><strong>autem</strong></span> <span class='ocrx_word' id='word_1_10' title='bbox 459 965 489 1033; x_wconf 91' lang='lat' dir='ltr'>X</span> <span class='ocrx_word' id='word_1_11' title='bbox 517 973 642 1032; x_wconf 90' lang='lat' dir='ltr'><strong>tantum</strong></span> <span class='ocrx_word' id='word_1_12' title='bbox 663 964 808 1033; x_wconf 86' lang='lat' dir='ltr'><strong>miliaco</strong></span> <span class='ocrx_word' id='word_1_13' title='bbox 830 966 973 1051; x_wconf 83' lang='lat' dir='ltr'><strong>profecta</strong></span> <span class='ocrx_word' id='word_1_14' title='bbox 994 972 1077 1044; x_wconf 88' lang='lat' dir='ltr'><strong>sunt,</strong></span> <span class='ocrx_word' id='word_1_15' title='bbox 1100 987 1164 1033; x_wconf 88' lang='lat' dir='ltr'><strong>non</strong></span> <span class='ocrx_word' id='word_1_16' title='bbox 1184 974 1251 1033; x_wconf 90' lang='lat' dir='ltr'><strong>tam</strong></span> <span class='ocrx_word' id='word_1_17' title='bbox 1272 970 1397 1036; x_wconf 87' lang='lat' dir='ltr'><strong>Plutar-</strong></span> 
     </span>
     <span class='ocr_line' id='line_1_4' title="bbox 327 1068 1396 1158; baseline -0.007 -13"><span class='ocrx_word' id='word_1_18' title='bbox 327 1080 419 1145; x_wconf 86' lang='lat' dir='ltr'><strong>chum</strong></span> <span class='ocrx_word' id='word_1_19' title='bbox 441 1096 560 1141; x_wconf 87' lang='lat' dir='ltr'><strong>errasse</strong></span> <span class='ocrx_word' id='word_1_20' title='bbox 582 1068 796 1158; x_wconf 84' lang='lat' dir='ltr'><strong>putauerimns</strong></span> <span class='ocrx_word' id='word_1_21' title='bbox 820 1094 915 1157; x_wconf 88' lang='lat' dir='ltr'><strong>quam</strong></span> <span class='ocrx_word' id='word_1_22' title='bbox 937 1072 1082 1139; x_wconf 91' lang='lat' dir='ltr'><strong>Orosium</strong></span> <span class='ocrx_word' id='word_1_23' title='bbox 1103 1092 1265 1143; x_wconf 88' lang='lat' dir='ltr'><strong>caesorum</strong></span> <span class='ocrx_word' id='word_1_24' title='bbox 1287 1098 1396 1142; x_wconf 76' lang='lat' dir='ltr'><strong>numo..</strong></span> 
     </span>
     <span class='ocr_line' id='line_1_5' title="bbox 325 1179 1397 1252; baseline -0.003 0"><span class='ocrx_word' id='word_1_25' title='bbox 325 1208 395 1252; x_wconf 88' lang='lat' dir='ltr'><strong>rum</strong></span> <span class='ocrx_word' id='word_1_26' title='bbox 410 1206 481 1249; x_wconf 90' lang='lat' dir='ltr'><strong>cum</strong></span> <span class='ocrx_word' id='word_1_27' title='bbox 491 1188 559 1248; x_wconf 90' lang='lat' dir='ltr'><strong>tcto</strong></span> <span class='ocrx_word' id='word_1_28' title='bbox 574 1180 780 1246; x_wconf 86' lang='lat' dir='ltr'><strong>Gaesatorum</strong></span> <span class='ocrx_word' id='word_1_29' title='bbox 794 1198 925 1245; x_wconf 87' lang='lat' dir='ltr'><strong>nurnero</strong></span> <span class='ocrx_word' id='word_1_30' title='bbox 939 1179 1122 1245; x_wconf 81' lang='lat' dir='ltr'><strong>confudisse.</strong></span> <span class='ocrx_word' id='word_1_31' title='bbox 1144 1202 1219 1245; x_wconf 84' lang='lat' dir='ltr'><strong>nam</strong></span> <span class='ocrx_word' id='word_1_32' title='bbox 1238 1187 1319 1249; x_wconf 93' lang='lat' dir='ltr'><strong>XXX</strong></span> <span class='ocrx_word' id='word_1_33' title='bbox 1337 1184 1397 1249; x_wconf 92' lang='lat' dir='ltr'><strong>mi-</strong></span> 
     </span>
     <span class='ocr_line' id='line_1_6' title="bbox 326 1286 1400 1376; baseline -0.002 -19"><span class='ocrx_word' id='word_1_34' title='bbox 326 1292 369 1357; x_wconf 94' lang='lat' dir='ltr'><strong>lia</strong></span> <span class='ocrx_word' id='word_1_35' title='bbox 380 1312 433 1355; x_wconf 92' lang='lat' dir='ltr'><strong>eos</strong></span> <span class='ocrx_word' id='word_1_36' title='bbox 444 1288 539 1354; x_wconf 76' lang='lat' dir='ltr'><strong>iuuisse</strong></span> <span class='ocrx_word' id='word_1_37' title='bbox 549 1309 613 1353; x_wconf 93' lang='lat' dir='ltr'><strong>non</strong></span> <span class='ocrx_word' id='word_1_38' title='bbox 624 1286 719 1353; x_wconf 91' lang='lat' dir='ltr'><strong>modo</strong></span> <span class='ocrx_word' id='word_1_39' title='bbox 732 1286 918 1352; x_wconf 80' lang='lat' dir='ltr'><strong>Plutarchus</strong></span> <span class='ocrx_word' id='word_1_40' title='bbox 927 1286 984 1351; x_wconf 88' lang='lat' dir='ltr'><strong>sed</strong></span> <span class='ocrx_word' id='word_1_41' title='bbox 995 1288 1093 1352; x_wconf 81' lang='lat' dir='ltr'><strong>etiam-</strong></span> <span class='ocrx_word' id='word_1_42' title='bbox 1104 1288 1250 1373; x_wconf 82' lang='lat' dir='ltr'><strong>Polybius</strong></span> <span class='ocrx_word' id='word_1_43' title='bbox 1269 1290 1324 1376; x_wconf 90' lang='grc' dir='ltr'><strong>(Π,</strong></span> <span class='ocrx_word' id='word_1_44' title='bbox 1337 1291 1400 1376; x_wconf 77' lang='grc'><strong>34)</strong></span> 
     </span>
     <span class='ocr_line' id='line_1_7' title="bbox 325 1392 1396 1480; baseline 0.001 -16"><span class='ocrx_word' id='word_1_45' title='bbox 325 1399 463 1464; x_wconf 77' lang='lat' dir='ltr'><strong>tradunt.</strong></span> <span class='ocrx_word' id='word_1_46' title='bbox 484 1416 565 1480; x_wconf 90' lang='lat' dir='ltr'><strong>quae</strong></span> <span class='ocrx_word' id='word_1_47' title='bbox 594 1402 753 1479; x_wconf 90' lang='lat' dir='ltr'><strong>utcunque</strong></span> <span class='ocrx_word' id='word_1_48' title='bbox 780 1415 848 1460; x_wconf 89' lang='lat' dir='ltr'><strong>sese</strong></span> <span class='ocrx_word' id='word_1_49' title='bbox 861 1392 980 1459; x_wconf 86' lang='lat' dir='ltr'><strong>habent</strong></span> <span class='ocrx_word' id='word_1_50' title='bbox 994 1417 1059 1461; x_wconf 92' lang='lat' dir='ltr'><strong>non</strong></span> <span class='ocrx_word' id='word_1_51' title='bbox 1076 1401 1148 1462; x_wconf 81' lang='lat' dir='ltr'><strong>mmt</strong></span> <span class='ocrx_word' id='word_1_52' title='bbox 1163 1395 1396 1479; x_wconf 84' lang='lat' dir='ltr'><strong>impedimento,</strong></span> 
     </span>
     <span class='ocr_line' id='line_1_8' title="bbox 325 1499 1396 1589; baseline -0.001 -20"><span class='ocrx_word' id='word_1_53' title='bbox 325 1504 489 1588; x_wconf 86' lang='lat' dir='ltr'><strong>quominus</strong></span> <span class='ocrx_word' id='word_1_54' title='bbox 503 1524 562 1586; x_wconf 89' lang='lat' dir='ltr'><strong>pro</strong></span> <span class='ocrx_word' id='word_1_55' title='bbox 569 1508 654 1567; x_wconf 90' lang='lat' dir='ltr'><strong>certo</strong></span> <span class='ocrx_word' id='word_1_56' title='bbox 670 1506 827 1566; x_wconf 80' lang='lat' dir='ltr'><strong>statuatur</strong></span> <span class='ocrx_word' id='word_1_57' title='bbox 840 1499 1000 1566; x_wconf 78' lang='lat' dir='ltr'><strong>Plutarchi</strong></span> <span class='ocrx_word' id='word_1_58' title='bbox 1015 1501 1089 1567; x_wconf 88' lang='lat' dir='ltr'><strong>belli</strong></span> <span class='ocrx_word' id='word_1_59' title='bbox 1102 1503 1313 1589; x_wconf 86' lang='lat' dir='ltr'><strong>narrationem</strong></span> <span class='ocrx_word' id='word_1_60' title='bbox 1327 1522 1396 1568; x_wconf 92' lang='lat' dir='ltr'><strong>esse</strong></span> 
     </span>
     <span class='ocr_line' id='line_1_9' title="bbox 325 1606 1396 1693; baseline -0.001 -18"><span class='ocrx_word' id='word_1_61' title='bbox 325 1608 456 1675; x_wconf 89' lang='lat' dir='ltr'><strong>eandem</strong></span> <span class='ocrx_word' id='word_1_62' title='bbox 478 1629 573 1693; x_wconf 89' lang='lat' dir='ltr'><strong>quam</strong></span> <span class='ocrx_word' id='word_1_63' title='bbox 595 1628 612 1671; x_wconf 92' lang='lat' dir='ltr'><strong>e</strong></span> <span class='ocrx_word' id='word_1_64' title='bbox 635 1606 732 1673; x_wconf 86' lang='lat' dir='ltr'><strong>Fabio</strong></span> <span class='ocrx_word' id='word_1_65' title='bbox 755 1607 1037 1671; x_wconf 88' lang='lat' dir='ltr'><strong>Pictore-manasse</strong></span> <span class='ocrx_word' id='word_1_66' title='bbox 1052 1607 1261 1690; x_wconf 82' lang='lat' dir='ltr'><strong>mgnommus.</strong></span> <span class='ocrx_word' id='word_1_67' title='bbox 1300 1630 1396 1691; x_wconf 87' lang='lat' dir='ltr'><strong>quam</strong></span> 
     </span>
     <span class='ocr_line' id='line_1_10' title="bbox 324 1711 1396 1797; baseline -0.003 -16"><span class='ocrx_word' id='word_1_68' title='bbox 324 1723 430 1781; x_wconf 88' lang='lat' dir='ltr'><strong>utrum</strong></span> <span class='ocrx_word' id='word_1_69' title='bbox 451 1735 492 1779; x_wconf 86' lang='lat' dir='ltr'><strong>ex</strong></span> <span class='ocrx_word' id='word_1_70' title='bbox 517 1714 616 1797; x_wconf 89' lang='lat' dir='ltr'><strong>ipsius</strong></span> <span class='ocrx_word' id='word_1_71' title='bbox 638 1712 727 1777; x_wconf 86' lang='lat' dir='ltr'><strong>Fabii</strong></span> <span class='ocrx_word' id='word_1_72' title='bbox 756 1711 920 1777; x_wconf 88' lang='lat' dir='ltr'><strong>annalibus</strong></span> <span class='ocrx_word' id='word_1_73' title='bbox 943 1733 985 1777; x_wconf 87' lang='lat' dir='ltr'><strong>an</strong></span> <span class='ocrx_word' id='word_1_74' title='bbox 1006 1734 1025 1777; x_wconf 94' lang='lat' dir='ltr'><strong>e</strong></span> <span class='ocrx_word' id='word_1_75' title='bbox 1046 1712 1138 1778; x_wconf 90' lang='lat' dir='ltr'><strong>Liuio</strong></span> <span class='ocrx_word' id='word_1_76' title='bbox 1159 1713 1299 1778; x_wconf 83' lang='lat' dir='ltr'><strong>hauserit</strong></span> <span class='ocrx_word' id='word_1_77' title='bbox 1320 1714 1396 1779; x_wconf 92' lang='lat' dir='ltr'><strong>Plu-</strong></span> 
     </span>
     <span class='ocr_line' id='line_1_11' title="bbox 324 1811 1396 1903; baseline -0.003 -14"><span class='ocrx_word' id='word_1_78' title='bbox 324 1823 451 1889; x_wconf 85' lang='lat' dir='ltr'><strong>tarchus</strong></span> <span class='ocrx_word' id='word_1_79' title='bbox 474 1842 513 1885; x_wconf 88' lang='lat' dir='ltr'><strong>ex</strong></span> <span class='ocrx_word' id='word_1_80' title='bbox 534 1819 594 1885; x_wconf 88' lang='lat' dir='ltr'><strong>hac</strong></span> <span class='ocrx_word' id='word_1_81' title='bbox 617 1819 848 1902; x_wconf 87' lang='lat' dir='ltr'><strong>comparatione</strong></span> <span class='ocrx_word' id='word_1_82' title='bbox 864 1811 932 1883; x_wconf 88' lang='lat' dir='ltr'><strong>erui</strong></span> <span class='ocrx_word' id='word_1_83' title='bbox 954 1840 1017 1885; x_wconf 91' lang='lat' dir='ltr'><strong>non</strong></span> <span class='ocrx_word' id='word_1_84' title='bbox 1034 1824 1147 1903; x_wconf 87' lang='lat' dir='ltr'><strong>potest.</strong></span> <span class='ocrx_word' id='word_1_85' title='bbox 1186 1820 1248 1887; x_wconf 86' lang='lat' dir='ltr'><strong>sed</strong></span> <span class='ocrx_word' id='word_1_86' title='bbox 1270 1841 1340 1888; x_wconf 79' lang='lat' dir='ltr'><strong>curm</strong></span> <span class='ocrx_word' id='word_1_87' title='bbox 1361 1822 1396 1886; x_wconf 93' lang='lat' dir='ltr'><strong>in</strong></span> 
     </span>
     <span class='ocr_line' id='line_1_12' title="bbox 324 1924 1395 2010; baseline -0.004 -15"><span class='ocrx_word' id='word_1_88' title='bbox 324 1931 392 1995; x_wconf 90' lang='lat' dir='ltr'><strong>uita</strong></span> <span class='ocrx_word' id='word_1_89' title='bbox 406 1926 498 1993; x_wconf 84' lang='lat' dir='ltr'><strong>Fabii</strong></span> <span class='ocrx_word' id='word_1_90' title='bbox 514 1926 642 1991; x_wconf 80' lang='lat' dir='ltr'><strong>Maximi</strong></span> <span class='ocrx_word' id='word_1_91' title='bbox 659 1924 814 1990; x_wconf 88' lang='lat' dir='ltr'><strong>Pictorem</strong></span> <span class='ocrx_word' id='word_1_92' title='bbox 825 1930 986 1989; x_wconf 86' lang='lat' dir='ltr'><strong>auctorem</strong></span> <span class='ocrx_word' id='word_1_93' title='bbox 1006 1926 1208 2010; x_wconf 88' lang='lat' dir='ltr'><strong>praecipuum</strong></span> <span class='ocrx_word' id='word_1_94' title='bbox 1229 1925 1325 1991; x_wconf 90' lang='lat' dir='ltr'><strong>fuisse</strong></span> <span class='ocrx_word' id='word_1_95' title='bbox 1345 1928 1395 1992; x_wconf 91' lang='lat' dir='ltr'><strong>ui·</strong></span> 
     </span>
     <span class='ocr_line' id='line_1_13' title="bbox 324 2030 1395 2115; baseline -0.004 -14"><span class='ocrx_word' id='word_1_96' title='bbox 324 2036 474 2113; x_wconf 88' lang='lat' dir='ltr'><strong>derimus,</strong></span> <span class='ocrx_word' id='word_1_97' title='bbox 507 2034 540 2098; x_wconf 90' lang='lat' dir='ltr'><strong>in</strong></span> <span class='ocrx_word' id='word_1_98' title='bbox 566 2037 674 2097; x_wconf 91' lang='lat' dir='ltr'><strong>nostra</strong></span> <span class='ocrx_word' id='word_1_99' title='bbox 700 2036 807 2097; x_wconf 89' lang='lat' dir='ltr'><strong>autem</strong></span> <span class='ocrx_word' id='word_1_100' title='bbox 834 2032 902 2095; x_wconf 89' lang='lat' dir='ltr'><strong>uita</strong></span> <span class='ocrx_word' id='word_1_101' title='bbox 923 2030 1048 2097; x_wconf 90' lang='lat' dir='ltr'><strong>Liuium</strong></span> <span class='ocrx_word' id='word_1_102' title='bbox 1068 2032 1265 2115; x_wconf 89' lang='lat' dir='ltr'><strong>potissimum</strong></span> <span class='ocrx_word' id='word_1_103' title='bbox 1286 2038 1395 2097; x_wconf 84' lang='lat' dir='ltr'><strong>aucto-</strong></span> 
     </span>
     <span class='ocr_line' id='line_1_14' title="bbox 324 2137 1395 2222; baseline -0.002 -15"><span class='ocrx_word' id='word_1_104' title='bbox 324 2164 390 2209; x_wconf 89' lang='lat' dir='ltr'><strong>rem</strong></span> <span class='ocrx_word' id='word_1_105' title='bbox 417 2140 527 2206; x_wconf 90' lang='lat' dir='ltr'><strong>haberi</strong></span> <span class='ocrx_word' id='word_1_106' title='bbox 554 2160 619 2203; x_wconf 90' lang='lat' dir='ltr'><strong>non</strong></span> <span class='ocrx_word' id='word_1_107' title='bbox 640 2158 732 2222; x_wconf 90' lang='lat' dir='ltr'><strong>posse</strong></span> <span class='ocrx_word' id='word_1_108' title='bbox 754 2158 827 2203; x_wconf 85' lang='lat' dir='ltr'><strong>mox</strong></span> <span class='ocrx_word' id='word_1_109' title='bbox 849 2137 1093 2203; x_wconf 84' lang='lat' dir='ltr'><strong>demonstraturi</strong></span> <span class='ocrx_word' id='word_1_110' title='bbox 1115 2137 1221 2216; x_wconf 89' lang='lat' dir='ltr'><strong>simus,</strong></span> <span class='ocrx_word' id='word_1_111' title='bbox 1244 2139 1395 2207; x_wconf 92' lang='lat' dir='ltr'><strong>hocloco</strong></span> 
     </span>
     <span class='ocr_line' id='line_1_15' title="bbox 324 2244 1394 2334; baseline -0.004 -19"><span class='ocrx_word' id='word_1_112' title='bbox 324 2252 426 2334; x_wconf 88' lang='lat' dir='ltr'><strong>ipsum</strong></span> <span class='ocrx_word' id='word_1_113' title='bbox 452 2246 584 2311; x_wconf 85' lang='lat' dir='ltr'><strong>Fabium</strong></span> <span class='ocrx_word' id='word_1_114' title='bbox 614 2244 770 2308; x_wconf 90' lang='lat' dir='ltr'><strong>Pictorem</strong></span> <span class='ocrx_word' id='word_1_115' title='bbox 798 2248 873 2308; x_wconf 89' lang='lat' dir='ltr'><strong>ante</strong></span> <span class='ocrx_word' id='word_1_116' title='bbox 895 2245 999 2309; x_wconf 91' lang='lat' dir='ltr'><strong>oculos</strong></span> <span class='ocrx_word' id='word_1_117' title='bbox 1022 2244 1169 2310; x_wconf 86' lang='lat' dir='ltr'><strong>habuisse</strong></span> <span class='ocrx_word' id='word_1_118' title='bbox 1191 2245 1394 2311; x_wconf 84' lang='lat' dir='ltr'><strong>Plutarchum</strong></span> 
     </span>
     <span class='ocr_line' id='line_1_16' title="bbox 323 2349 1394 2437; baseline -0.004 -16"><span class='ocrx_word' id='word_1_119' title='bbox 323 2354 413 2421; x_wconf 89' lang='lat' dir='ltr'><strong>nobis</strong></span> <span class='ocrx_word' id='word_1_120' title='bbox 439 2372 623 2437; x_wconf 88' lang='lat' dir='ltr'><strong>persuasum</strong></span> <span class='ocrx_word' id='word_1_121' title='bbox 654 2356 710 2415; x_wconf 93' lang='lat' dir='ltr'><strong>est.</strong></span> <span class='ocrx_word' id='word_1_122' title='bbox 740 2388 782 2397; x_wconf 88' lang='lat'><strong>-—</strong></span> <span class='ocrx_word' id='word_1_123' title='bbox 805 2349 908 2414; x_wconf 92' lang='lat' dir='ltr'><strong>eidem</strong></span> <span class='ocrx_word' id='word_1_124' title='bbox 929 2355 1036 2415; x_wconf 88' lang='lat' dir='ltr'><strong>antem</strong></span> <span class='ocrx_word' id='word_1_125' title='bbox 1056 2350 1135 2415; x_wconf 80' lang='lat' dir='ltr'><strong>fonti</strong></span> <span class='ocrx_word' id='word_1_126' title='bbox 1157 2352 1300 2436; x_wconf 87' lang='lat' dir='ltr'><strong>exempla</strong></span> <span class='ocrx_word' id='word_1_127' title='bbox 1320 2353 1394 2417; x_wconf 91' lang='lat' dir='ltr'><strong>reli-</strong></span> 
     </span>
     <span class='ocr_line' id='line_1_17' title="bbox 323 2456 1395 2546; baseline -0.003 -19"><span class='ocrx_word' id='word_1_128' title='bbox 323 2463 422 2546; x_wconf 86' lang='lat' dir='ltr'><strong>gionis</strong></span> <span class='ocrx_word' id='word_1_129' title='bbox 445 2459 536 2525; x_wconf 84' lang='lat' dir='ltr'><strong>anxie</strong></span> <span class='ocrx_word' id='word_1_130' title='bbox 559 2480 579 2522; x_wconf 90' lang='lat' dir='ltr'><strong>a</strong></span> <span class='ocrx_word' id='word_1_131' title='bbox 600 2458 748 2523; x_wconf 88' lang='lat' dir='ltr'><strong>Romanis</strong></span> <span class='ocrx_word' id='word_1_132' title='bbox 770 2456 956 2523; x_wconf 88' lang='lat' dir='ltr'><strong>obseruatae</strong></span> <span class='ocrx_word' id='word_1_133' title='bbox 971 2460 1054 2545; x_wconf 89' lang='lat' dir='ltr'><strong>(cap.</strong></span> <span class='ocrx_word' id='word_1_134' title='bbox 1078 2458 1121 2542; x_wconf 83' lang='lat' dir='ltr'><strong>V)</strong></span> <span class='ocrx_word' id='word_1_135' title='bbox 1143 2480 1206 2523; x_wconf 93' lang='lat' dir='ltr'><strong>non</strong></span> <span class='ocrx_word' id='word_1_136' title='bbox 1227 2457 1395 2530; x_wconf 83' lang='lat' dir='ltr'><strong>tribuenda</strong></span> 
     </span>
     <span class='ocr_line' id='line_1_18' title="bbox 323 2562 1393 2649; baseline -0.003 -15"><span class='ocrx_word' id='word_1_137' title='bbox 323 2589 390 2634; x_wconf 85' lang='lat' dir='ltr'><strong>esse</strong></span> <span class='ocrx_word' id='word_1_138' title='bbox 424 2572 520 2649; x_wconf 86' lang='lat' dir='ltr'><strong>atque</strong></span> <span class='ocrx_word' id='word_1_139' title='bbox 553 2586 592 2630; x_wconf 84' lang='lat' dir='ltr'><strong>ex</strong></span> <span class='ocrx_word' id='word_1_140' title='bbox 619 2562 688 2629; x_wconf 88' lang='lat' dir='ltr'><strong>aliis</strong></span> <span class='ocrx_word' id='word_1_141' title='bbox 715 2562 854 2630; x_wconf 85' lang='lat' dir='ltr'><strong>fontibus</strong></span> <span class='ocrx_word' id='word_1_142' title='bbox 883 2585 937 2641; x_wconf 91' lang='lat' dir='ltr'><strong>ea,</strong></span> <span class='ocrx_word' id='word_1_143' title='bbox 972 2585 1053 2649; x_wconf 81' lang='lat' dir='ltr'><strong>quae</strong></span> <span class='ocrx_word' id='word_1_144' title='bbox 1080 2564 1120 2633; x_wconf 92' lang='lat' dir='ltr'><strong>de</strong></span> <span class='ocrx_word' id='word_1_145' title='bbox 1148 2566 1255 2649; x_wconf 88' lang='lat' dir='ltr'><strong>spoliis</strong></span> <span class='ocrx_word' id='word_1_146' title='bbox 1282 2566 1393 2649; x_wconf 89' lang='lat' dir='ltr'><strong>opimis</strong></span> 
     </span>
     <span class='ocr_line' id='line_1_19' title="bbox 322 2670 1394 2757; baseline -0.003 -17"><span class='ocrx_word' id='word_1_147' title='bbox 322 2675 390 2740; x_wconf 90' lang='lat' dir='ltr'><strong>Ioui</strong></span> <span class='ocrx_word' id='word_1_148' title='bbox 411 2672 552 2739; x_wconf 84' lang='lat' dir='ltr'><strong>Feretrio</strong></span> <span class='ocrx_word' id='word_1_149' title='bbox 574 2670 725 2735; x_wconf 90' lang='lat' dir='ltr'><strong>dedicatis</strong></span> <span class='ocrx_word' id='word_1_150' title='bbox 747 2672 828 2757; x_wconf 83' lang='lat' dir='ltr'><strong>(cap.</strong></span> <span class='ocrx_word' id='word_1_151' title='bbox 840 2670 931 2755; x_wconf 83' lang='lat' dir='ltr'>VIII)</span> <span class='ocrx_word' id='word_1_152' title='bbox 952 2670 1025 2735; x_wconf 81' lang='lat' dir='ltr'><strong>firse&#39;</strong></span> <span class='ocrx_word' id='word_1_153' title='bbox 1043 2670 1246 2748; x_wconf 82' lang='lat' dir='ltr'><strong>disseumtnr,</strong></span> <span class='ocrx_word' id='word_1_154' title='bbox 1269 2678 1394 2756; x_wconf 85' lang='lat' dir='ltr'><strong>sumpta</strong></span> 
     </span>
     <span class='ocr_line' id='line_1_20' title="bbox 322 2775 1169 2872; baseline -0.009 -27"><span class='ocrx_word' id='word_1_155' title='bbox 322 2802 389 2847; x_wconf 89' lang='lat' dir='ltr'><strong>esse</strong></span> <span class='ocrx_word' id='word_1_156' title='bbox 410 2778 501 2845; x_wconf 83' lang='lat' dir='ltr'><strong>facile</strong></span> <span class='ocrx_word' id='word_1_157' title='bbox 522 2775 720 2859; x_wconf 85' lang='lat' dir='ltr'><strong>intellegitur.</strong></span> <span class='ocrx_word' id='word_1_158' title='bbox 1166 2858 1169 2872; x_wconf 68' lang='lat'>,</span> 
     </span>
    </p>

    <p class='ocr_par' dir='ltr' id='par_1_3' title="bbox 259 2880 1394 4667">
     <span class='ocr_line' id='line_1_21' title="bbox 427 2880 1394 2968; baseline -0.003 -17"><span class='ocrx_word' id='word_1_159' title='bbox 427 2886 465 2951; x_wconf 93' lang='lat' dir='ltr'><strong>In</strong></span> <span class='ocrx_word' id='word_1_160' title='bbox 493 2882 643 2968; x_wconf 83' lang='lat' dir='ltr'><strong>proximis</strong></span> <span class='ocrx_word' id='word_1_161' title='bbox 671 2880 825 2965; x_wconf 86' lang='lat' dir='ltr'><strong>capitibus</strong></span> <span class='ocrx_word' id='word_1_162' title='bbox 847 2887 1016 2947; x_wconf 83' lang='lat' dir='ltr'><strong>narrantur</strong></span> <span class='ocrx_word' id='word_1_163' title='bbox 1035 2882 1159 2966; x_wconf 80' lang='lat' dir='ltr'><strong>proelia</strong></span> <span class='ocrx_word' id='word_1_164' title='bbox 1176 2882 1259 2947; x_wconf 88' lang='lat' dir='ltr'><strong>eirca</strong></span> <span class='ocrx_word' id='word_1_165' title='bbox 1280 2881 1394 2948; x_wconf 85' lang='lat' dir='ltr'><strong>Nolam</strong></span> 
     </span>
     <span class='ocr_line' id='line_1_22' title="bbox 259 2982 1392 3085; baseline -0.005 -25"><span class='ocrx_word' id='word_1_166' title='bbox 259 3044 269 3060; x_wconf 82' lang='grc'>,</span> <span class='ocrx_word' id='word_1_167' title='bbox 321 2992 430 3059; x_wconf 89' lang='lat' dir='ltr'><strong>urbem</strong></span> <span class='ocrx_word' id='word_1_168' title='bbox 458 3012 478 3055; x_wconf 89' lang='lat' dir='ltr'><strong>a</strong></span> <span class='ocrx_word' id='word_1_169' title='bbox 505 2987 652 3085; x_wconf 83' lang='lat' dir='ltr'><strong>Marcello</strong></span> <span class='ocrx_word' id='word_1_170' title='bbox 680 2992 790 3053; x_wconf 87' lang='lat' dir='ltr'><strong>contra</strong></span> <span class='ocrx_word' id='word_1_171' title='bbox 817 2982 1027 3053; x_wconf 86' lang='lat' dir='ltr'><strong>Hannibalem</strong></span> <span class='ocrx_word' id='word_1_172' title='bbox 1049 2988 1221 3054; x_wconf 86' lang='lat' dir='ltr'><strong>commissa</strong></span> <span class='ocrx_word' id='word_1_173' title='bbox 1266 3008 1392 3073; x_wconf 87' lang='lat' dir='ltr'><strong>compa·</strong></span> 
     </span>
     <span class='ocr_line' id='line_1_23' title="bbox 318 3093 1390 3179; baseline -0.003 -15"><span class='ocrx_word' id='word_1_174' title='bbox 318 3100 384 3165; x_wconf 87' lang='lat' dir='ltr'><strong>rari</strong></span> <span class='ocrx_word' id='word_1_175' title='bbox 405 3098 555 3163; x_wconf 81' lang='lat' dir='ltr'><strong>hocloco</strong></span> <span class='ocrx_word' id='word_1_176' title='bbox 577 3099 683 3179; x_wconf 89' lang='lat' dir='ltr'><strong>potest</strong></span> <span class='ocrx_word' id='word_1_177' title='bbox 704 3094 787 3161; x_wconf 87' lang='lat' dir='ltr'><strong>solus</strong></span> <span class='ocrx_word' id='word_1_178' title='bbox 808 3094 916 3160; x_wconf 89' lang='lat' dir='ltr'><strong>Liuius</strong></span> <span class='ocrx_word' id='word_1_179' title='bbox 940 3094 1058 3172; x_wconf 87' lang='lat' dir='ltr'>XXIII,</span> <span class='ocrx_word' id='word_1_180' title='bbox 1082 3094 1229 3172; x_wconf 76' lang='lat'>16-163</span> <span class='ocrx_word' id='word_1_181' title='bbox 1250 3093 1390 3162; x_wconf 80' lang='lat'><strong>42—46.</strong></span> 
     </span>
     <span class='ocr_line' id='line_1_24' title="bbox 320 3200 1393 3286; baseline -0.003 -16"><span class='ocrx_word' id='word_1_182' title='bbox 320 3206 445 3271; x_wconf 89' lang='lat' dir='ltr'><strong>Liuium</strong></span> <span class='ocrx_word' id='word_1_183' title='bbox 475 3207 590 3278; x_wconf 86' lang='lat' dir='ltr'><strong>autem,</strong></span> <span class='ocrx_word' id='word_1_184' title='bbox 637 3220 827 3285; x_wconf 88' lang='lat' dir='ltr'><strong>quamquam</strong></span> <span class='ocrx_word' id='word_1_185' title='bbox 866 3201 1083 3269; x_wconf 88' lang='lat' dir='ltr'><strong>similitudines</strong></span> <span class='ocrx_word' id='word_1_186' title='bbox 1123 3200 1275 3286; x_wconf 83' lang='lat' dir='ltr'><strong>quasdam</strong></span> <span class='ocrx_word' id='word_1_187' title='bbox 1310 3202 1393 3267; x_wconf 89' lang='lat' dir='ltr'><strong>inter</strong></span> 
     </span>
     <span class='ocr_line' id='line_1_25' title="bbox 321 3306 1392 3392; baseline -0.002 -17"><span class='ocrx_word' id='word_1_188' title='bbox 321 3332 392 3375; x_wconf 90' lang='lat' dir='ltr'><strong>eum</strong></span> <span class='ocrx_word' id='word_1_189' title='bbox 425 3315 457 3375; x_wconf 93' lang='lat' dir='ltr'><strong>et</strong></span> <span class='ocrx_word' id='word_1_190' title='bbox 488 3306 691 3373; x_wconf 86' lang='lat' dir='ltr'><strong>Plutarchum</strong></span> <span class='ocrx_word' id='word_1_191' title='bbox 721 3306 914 3373; x_wconf 88' lang='lat' dir='ltr'><strong>intercedere</strong></span> <span class='ocrx_word' id='word_1_192' title='bbox 943 3328 1056 3392; x_wconf 84' lang='lat' dir='ltr'><strong>negare</strong></span> <span class='ocrx_word' id='word_1_193' title='bbox 1085 3309 1244 3386; x_wconf 89' lang='lat' dir='ltr'><strong>nolumus,</strong></span> <span class='ocrx_word' id='word_1_194' title='bbox 1272 3308 1392 3374; x_wconf 79' lang='lat' dir='ltr'><strong>fontem</strong></span> 
     </span>
     <span class='ocr_line' id='line_1_26' title="bbox 320 3413 1391 3482; baseline -0.002 -1"><span class='ocrx_word' id='word_1_195' title='bbox 320 3414 480 3482; x_wconf 88' lang='lat' dir='ltr'><strong>Plutarchi</strong></span> <span class='ocrx_word' id='word_1_196' title='bbox 502 3433 566 3479; x_wconf 92' lang='lat' dir='ltr'><strong>non</strong></span> <span class='ocrx_word' id='word_1_197' title='bbox 586 3413 682 3478; x_wconf 90' lang='lat' dir='ltr'><strong>fuisse</strong></span> <span class='ocrx_word' id='word_1_198' title='bbox 704 3414 774 3479; x_wconf 83' lang='lat' dir='ltr'><strong>luce</strong></span> <span class='ocrx_word' id='word_1_199' title='bbox 800 3418 848 3479; x_wconf 87' lang='lat' dir='ltr'><strong>est</strong></span> <span class='ocrx_word' id='word_1_200' title='bbox 881 3414 1004 3479; x_wconf 85' lang='lat' dir='ltr'><strong>clarius.</strong></span> <span class='ocrx_word' id='word_1_201' title='bbox 1060 3436 1134 3479; x_wconf 89' lang='lat' dir='ltr'><strong>nam</strong></span> <span class='ocrx_word' id='word_1_202' title='bbox 1163 3420 1201 3479; x_wconf 92' lang='lat' dir='ltr'><strong>ut</strong></span> <span class='ocrx_word' id='word_1_203' title='bbox 1232 3435 1250 3479; x_wconf 92' lang='lat' dir='ltr'><strong>e</strong></span> <span class='ocrx_word' id='word_1_204' title='bbox 1283 3414 1391 3479; x_wconf 89' lang='lat' dir='ltr'><strong>multis</strong></span> 
     </span>
     <span class='ocr_line' id='line_1_27' title="bbox 320 3519 1392 3609; baseline -0.003 -20"><span class='ocrx_word' id='word_1_205' title='bbox 320 3544 401 3609; x_wconf 88' lang='lat' dir='ltr'><strong>quae</strong></span> <span class='ocrx_word' id='word_1_206' title='bbox 429 3521 607 3604; x_wconf 84' lang='lat' dir='ltr'><strong>discrepant</strong></span> <span class='ocrx_word' id='word_1_207' title='bbox 635 3519 718 3585; x_wconf 87' lang='lat' dir='ltr'><strong>inter</strong></span> <span class='ocrx_word' id='word_1_208' title='bbox 750 3540 803 3585; x_wconf 92' lang='lat' dir='ltr'><strong>eos</strong></span> <span class='ocrx_word' id='word_1_209' title='bbox 831 3540 933 3603; x_wconf 90' lang='lat' dir='ltr'><strong>pauca</strong></span> <span class='ocrx_word' id='word_1_210' title='bbox 960 3519 1135 3600; x_wconf 85' lang='lat' dir='ltr'><strong>afferamus,</strong></span> <span class='ocrx_word' id='word_1_211' title='bbox 1161 3538 1229 3605; x_wconf 84' lang='lat' dir='ltr'><strong>cap.</strong></span> <span class='ocrx_word' id='word_1_212' title='bbox 1252 3520 1283 3585; x_wconf 92' lang='lat' dir='ltr'>X</span> <span class='ocrx_word' id='word_1_213' title='bbox 1304 3538 1392 3586; x_wconf 90' lang='lat' dir='ltr'><strong>come</strong></span> 
     </span>
     <span class='ocr_line' id='line_1_28' title="bbox 320 3612 1390 3714; baseline -0.004 -17"><span class='ocrx_word' id='word_1_214' title='bbox 320 3629 499 3714; x_wconf 89' lang='lat' dir='ltr'><strong>alloquium,</strong></span> <span class='ocrx_word' id='word_1_215' title='bbox 523 3648 585 3711; x_wconf 91' lang='lat' dir='ltr'><strong>quo</strong></span> <span class='ocrx_word' id='word_1_216' title='bbox 606 3626 771 3695; x_wconf 84' lang='lat' dir='ltr'><strong>Marcellus</strong></span> <span class='ocrx_word' id='word_1_217' title='bbox 800 3626 950 3691; x_wconf 87' lang='lat' dir='ltr'><strong>Bantium</strong></span> <span class='ocrx_word' id='word_1_218' title='bbox 976 3612 1152 3693; x_wconf 76' lang='lat' dir='ltr'><strong>Poenorum</strong></span> <span class='ocrx_word' id='word_1_219' title='bbox 1179 3627 1322 3711; x_wconf 88' lang='lat' dir='ltr'><strong>partibus</strong></span> <span class='ocrx_word' id='word_1_220' title='bbox 1342 3627 1390 3694; x_wconf 84' lang='lat' dir='ltr'><strong>fa·</strong></span> 
     </span>
     <span class='ocr_line' id='line_1_29' title="bbox 319 3732 1390 3817; baseline 0.001 -16"><span class='ocrx_word' id='word_1_221' title='bbox 319 3742 444 3801; x_wconf 91' lang='lat' dir='ltr'><strong>uentem</strong></span> <span class='ocrx_word' id='word_1_222' title='bbox 476 3733 535 3799; x_wconf 91' lang='lat' dir='ltr'><strong>sibi</strong></span> <span class='ocrx_word' id='word_1_223' title='bbox 561 3732 749 3808; x_wconf 88' lang='lat' dir='ltr'><strong>conciliauit,</strong></span> <span class='ocrx_word' id='word_1_224' title='bbox 783 3732 875 3797; x_wconf 86' lang='lat' dir='ltr'><strong>aliter</strong></span> <span class='ocrx_word' id='word_1_225' title='bbox 894 3732 986 3797; x_wconf 87' lang='lat' dir='ltr'><strong>finxit</strong></span> <span class='ocrx_word' id='word_1_226' title='bbox 1009 3733 1194 3799; x_wconf 88' lang='lat' dir='ltr'><strong>Plutarchus</strong></span> <span class='ocrx_word' id='word_1_227' title='bbox 1217 3738 1314 3817; x_wconf 84' lang='lat' dir='ltr'><strong>atque</strong></span> <span class='ocrx_word' id='word_1_228' title='bbox 1336 3733 1390 3802; x_wconf 86' lang='lat' dir='ltr'><strong>Li·</strong></span> 
     </span>
     <span class='ocr_line' id='line_1_30' title="bbox 318 3838 1389 3926; baseline -0.003 -17"><span class='ocrx_word' id='word_1_229' title='bbox 318 3844 388 3909; x_wconf 88' lang='lat' dir='ltr'><strong>uius</strong></span> <span class='ocrx_word' id='word_1_230' title='bbox 416 3856 483 3926; x_wconf 90' lang='lat' dir='ltr'><strong>cap.</strong></span> <span class='ocrx_word' id='word_1_231' title='bbox 513 3838 570 3916; x_wconf 86' lang='lat'><strong>15;</strong></span> <span class='ocrx_word' id='word_1_232' title='bbox 597 3858 664 3923; x_wconf 86' lang='lat' dir='ltr'><strong>cap.</strong></span> <span class='ocrx_word' id='word_1_233' title='bbox 694 3839 749 3916; x_wconf 91' lang='lat' dir='ltr'><strong>XI,</strong></span> <span class='ocrx_word' id='word_1_234' title='bbox 780 3839 910 3904; x_wconf 87' lang='grc'>10-18</span> <span class='ocrx_word' id='word_1_235' title='bbox 939 3859 978 3905; x_wconf 88' lang='lat' dir='ltr'><strong>ex</strong></span> <span class='ocrx_word' id='word_1_236' title='bbox 1006 3841 1210 3924; x_wconf 80' lang='lat' dir='ltr'><strong>eruptIonea</strong></span> <span class='ocrx_word' id='word_1_237' title='bbox 1239 3840 1389 3906; x_wconf 89' lang='lat' dir='ltr'><strong>Marcello</strong></span> 
     </span>
     <span class='ocr_line' id='line_1_31' title="bbox 318 3945 1390 4030; baseline -0.003 -17"><span class='ocrx_word' id='word_1_238' title='bbox 318 3950 402 4018; x_wconf 87' lang='lat' dir='ltr'><strong>facta</strong></span> <span class='ocrx_word' id='word_1_239' title='bbox 423 3946 609 4030; x_wconf 86' lang='lat' dir='ltr'><strong>perspicitur</strong></span> <span class='ocrx_word' id='word_1_240' title='bbox 631 3945 725 4010; x_wconf 87' lang='lat' dir='ltr'><strong>aliam</strong></span> <span class='ocrx_word' id='word_1_241' title='bbox 747 3945 842 4011; x_wconf 89' lang='lat' dir='ltr'><strong>fuisse</strong></span> <span class='ocrx_word' id='word_1_242' title='bbox 864 3947 1024 4030; x_wconf 88' lang='lat' dir='ltr'><strong>copiarum</strong></span> <span class='ocrx_word' id='word_1_243' title='bbox 1046 3947 1283 4012; x_wconf 88' lang='lat' dir='ltr'><strong>collocationem</strong></span> <span class='ocrx_word' id='word_1_244' title='bbox 1305 3946 1390 4030; x_wconf 84' lang='lat' dir='ltr'><strong>apud</strong></span> 
     </span>
     <span class='ocr_line' id='line_1_32' title="bbox 318 4050 1389 4139; baseline -0.004 -20"><span class='ocrx_word' id='word_1_245' title='bbox 318 4052 521 4119; x_wconf 85' lang='lat' dir='ltr'><strong>Plutarchum</strong></span> <span class='ocrx_word' id='word_1_246' title='bbox 536 4072 630 4135; x_wconf 88' lang='lat' dir='ltr'><strong>quam</strong></span> <span class='ocrx_word' id='word_1_247' title='bbox 646 4050 730 4139; x_wconf 89' lang='lat' dir='ltr'><strong>apud</strong></span> <span class='ocrx_word' id='word_1_248' title='bbox 751 4050 876 4117; x_wconf 89' lang='lat' dir='ltr'><strong>Liuium</strong></span> <span class='ocrx_word' id='word_1_249' title='bbox 892 4053 933 4116; x_wconf 89' lang='grc'><strong>16</strong></span> <span class='ocrx_word' id='word_1_250' title='bbox 949 4058 978 4135; x_wconf 64' lang='lat'><strong>5.</strong></span> <span class='ocrx_word' id='word_1_251' title='bbox 996 4052 1032 4129; x_wconf 86' lang='lat'><strong>83</strong></span> <span class='ocrx_word' id='word_1_252' title='bbox 1044 4072 1122 4136; x_wconf 82' lang='lat' dir='ltr'><strong>cap.</strong></span> <span class='ocrx_word' id='word_1_253' title='bbox 1145 4052 1222 4130; x_wconf 92' lang='lat' dir='ltr'>XII,</span> <span class='ocrx_word' id='word_1_254' title='bbox 1258 4052 1389 4116; x_wconf 83' lang='lat'>10-12</span> 
     </span>
     <span class='ocr_line' id='line_1_33' title="bbox 318 4157 1390 4242; baseline -0.001 -18"><span class='ocrx_word' id='word_1_255' title='bbox 318 4158 504 4227; x_wconf 89' lang='lat' dir='ltr'><strong>Plutarchus</strong></span> <span class='ocrx_word' id='word_1_256' title='bbox 538 4157 720 4223; x_wconf 89' lang='lat' dir='ltr'><strong>Marcellmn</strong></span> <span class='ocrx_word' id='word_1_257' title='bbox 752 4165 957 4242; x_wconf 90' lang='lat' dir='ltr'><strong>prouocatum</strong></span> <span class='ocrx_word' id='word_1_258' title='bbox 985 4157 1026 4224; x_wconf 90' lang='lat' dir='ltr'><strong>ab</strong></span> <span class='ocrx_word' id='word_1_259' title='bbox 1054 4158 1231 4225; x_wconf 85' lang='lat' dir='ltr'><strong>Hannibale</strong></span> <span class='ocrx_word' id='word_1_260' title='bbox 1252 4179 1390 4242; x_wconf 83' lang='lat' dir='ltr'><strong>pugnam</strong></span> 
     </span>
     <span class='ocr_line' id='line_1_34' title="bbox 318 4264 1390 4355; baseline -0.002 -23"><span class='ocrx_word' id='word_1_261' title='bbox 318 4267 506 4355; x_wconf 88' lang='lat' dir='ltr'><strong>detrectasse</strong></span> <span class='ocrx_word' id='word_1_262' title='bbox 539 4264 701 4347; x_wconf 86' lang='lat' dir='ltr'><strong>significat,</strong></span> <span class='ocrx_word' id='word_1_263' title='bbox 737 4287 807 4330; x_wconf 91' lang='lat' dir='ltr'><strong>cum</strong></span> <span class='ocrx_word' id='word_1_264' title='bbox 841 4266 950 4330; x_wconf 88' lang='lat' dir='ltr'><strong>Liuius</strong></span> <span class='ocrx_word' id='word_1_265' title='bbox 978 4265 1023 4329; x_wconf 84' lang='lat'><strong>44</strong></span> <span class='ocrx_word' id='word_1_266' title='bbox 1045 4271 1074 4349; x_wconf 68' lang='grc' dir='ltr'><strong>ξ.</strong></span> <span class='ocrx_word' id='word_1_267' title='bbox 1097 4264 1185 4330; x_wconf 86' lang='grc'><strong>3-5</strong></span> <span class='ocrx_word' id='word_1_268' title='bbox 1207 4266 1390 4336; x_wconf 89' lang='lat' dir='ltr'><strong>Marcellum</strong></span> 
     </span>
     <span class='ocr_line' id='line_1_35' title="bbox 318 4365 1388 4459; baseline -0.004 -20"><span class='ocrx_word' id='word_1_269' title='bbox 318 4373 480 4457; x_wconf 88' lang='lat' dir='ltr'><strong>eruptione</strong></span> <span class='ocrx_word' id='word_1_270' title='bbox 508 4372 592 4435; x_wconf 88' lang='lat' dir='ltr'><strong>facta</strong></span> <span class='ocrx_word' id='word_1_271' title='bbox 621 4372 767 4459; x_wconf 83' lang='lat' dir='ltr'><strong>atrociter</strong></span> <span class='ocrx_word' id='word_1_272' title='bbox 796 4392 866 4436; x_wconf 92' lang='lat' dir='ltr'><strong>cum</strong></span> <span class='ocrx_word' id='word_1_273' title='bbox 888 4365 1066 4436; x_wconf 89' lang='lat' dir='ltr'><strong>Hannibale</strong></span> <span class='ocrx_word' id='word_1_274' title='bbox 1087 4392 1242 4455; x_wconf 87' lang='lat' dir='ltr'><strong>pugnasse</strong></span> <span class='ocrx_word' id='word_1_275' title='bbox 1264 4377 1388 4448; x_wconf 82' lang='lat' dir='ltr'><strong>narrat3</strong></span> 
     </span>
     <span class='ocr_line' id='line_1_36' title="bbox 318 4476 1388 4563; baseline -0.002 -18"><span class='ocrx_word' id='word_1_276' title='bbox 318 4502 385 4563; x_wconf 91' lang='lat' dir='ltr'><strong>cap.</strong></span> <span class='ocrx_word' id='word_1_277' title='bbox 413 4478 489 4556; x_wconf 89' lang='lat' dir='ltr'>XII,</span> <span class='ocrx_word' id='word_1_278' title='bbox 514 4477 556 4541; x_wconf 87' lang='lat'><strong>14</strong></span> <span class='ocrx_word' id='word_1_279' title='bbox 578 4476 762 4543; x_wconf 86' lang='lat' dir='ltr'><strong>Plutarchus</strong></span> <span class='ocrx_word' id='word_1_280' title='bbox 785 4477 870 4543; x_wconf 88' lang='lat' dir='ltr'><strong>solus</strong></span> <span class='ocrx_word' id='word_1_281' title='bbox 893 4483 1047 4543; x_wconf 90' lang='lat' dir='ltr'><strong>memorat</strong></span> <span class='ocrx_word' id='word_1_282' title='bbox 1068 4477 1251 4543; x_wconf 88' lang='lat' dir='ltr'><strong>Marcellum</strong></span> <span class='ocrx_word' id='word_1_283' title='bbox 1272 4478 1388 4544; x_wconf 87' lang='lat' dir='ltr'><strong>Roma-</strong></span> 
     </span>
     <span class='ocr_line' id='line_1_37' title="bbox 317 4582 1388 4667; baseline -0.004 -16"><span class='ocrx_word' id='word_1_284' title='bbox 317 4606 429 4651; x_wconf 85' lang='lat' dir='ltr'><strong>norum</strong></span> <span class='ocrx_word' id='word_1_285' title='bbox 451 4582 571 4667; x_wconf 91' lang='lat' dir='ltr'><strong>pedites</strong></span> <span class='ocrx_word' id='word_1_286' title='bbox 594 4585 770 4667; x_wconf 84' lang='lat' dir='ltr'><strong>praelongis</strong></span> <span class='ocrx_word' id='word_1_287' title='bbox 793 4584 949 4649; x_wconf 88' lang='lat' dir='ltr'><strong>sociorum</strong></span> <span class='ocrx_word' id='word_1_288' title='bbox 970 4584 1130 4651; x_wconf 88' lang='lat' dir='ltr'><strong>naualium</strong></span> <span class='ocrx_word' id='word_1_289' title='bbox 1150 4584 1250 4650; x_wconf 86' lang='lat' dir='ltr'><strong>hastis</strong></span> <span class='ocrx_word' id='word_1_290' title='bbox 1272 4584 1388 4651; x_wconf 51' lang='lat' dir='ltr'><strong>instrue</strong></span> 
     </span>
    </p>
   </div>
   <div class='ocr_carea' id='block_1_3' title="bbox 317 4687 1389 4773">
    <p class='ocr_par' dir='ltr' id='par_1_4' title="bbox 317 4687 1389 4773">
     <span class='ocr_line' id='line_1_38' title="bbox 317 4687 1389 4773; baseline 0.002 -20"><span class='ocrx_word' id='word_1_291' title='bbox 317 4691 407 4753; x_wconf 77' lang='lat' dir='ltr'><strong>nisse.</strong></span> <span class='ocrx_word' id='word_1_292' title='bbox 460 4687 516 4753; x_wconf 90' lang='lat' dir='ltr'><strong>sed</strong></span> <span class='ocrx_word' id='word_1_293' title='bbox 548 4690 639 4771; x_wconf 86' lang='lat' dir='ltr'><strong>longe</strong></span> <span class='ocrx_word' id='word_1_294' title='bbox 669 4690 792 4755; x_wconf 87' lang='lat' dir='ltr'><strong>maioris</strong></span> <span class='ocrx_word' id='word_1_295' title='bbox 828 4689 877 4754; x_wconf 89' lang='lat' dir='ltr'><strong>his</strong></span> <span class='ocrx_word' id='word_1_296' title='bbox 910 4690 1126 4773; x_wconf 89' lang='lat' dir='ltr'><strong>discrepantiis</strong></span> <span class='ocrx_word' id='word_1_297' title='bbox 1158 4691 1307 4755; x_wconf 88' lang='lat' dir='ltr'><strong>momenti</strong></span> <span class='ocrx_word' id='word_1_298' title='bbox 1340 4697 1389 4755; x_wconf 88' lang='lat' dir='ltr'><strong>est</strong></span> 
     </span>
    </p>
   </div>
   <div class='ocr_carea' id='block_1_4' title="bbox 0 0 1714 5567">
    <p class='ocr_par' dir='ltr' id='par_1_5' title="bbox 0 0 1714 5567">
     <span class='ocr_line' id='line_1_39' title="bbox 0 0 1714 5567; baseline 0 4"><span class='ocrx_word' id='word_1_299' title='bbox 0 0 1714 5567; x_wconf 95' lang='lat' dir='ltr'><strong> </strong></span> 
     </span>
    </p>
   </div>
  </div>
 </body>
</html>
