3417 5567
746 652 969 719 ..33-

319 872 354 934 st
375 864 497 935 Graeca
519 864 552 933 in
577 863 647 931 foro
674 862 782 931 boario
803 855 890 931 uiuis
907 863 1040 930 defossis
1062 885 1133 930 cum
1155 862 1243 931 Oros.
1263 870 1297 929 et
1316 863 1392 929 Zon.

320 976 368 1059 (et
389 971 489 1039 Dione
506 968 763 1057 Gessioexeorpu
786 970 889 1037 Vales.
914 971 981 1055 12),
1003 969 1045 1034 de
1067 968 1142 1037 diris
1157 970 1307 1057 prodigiis
1320 992 1392 1037 cum

320 1078 409 1145 Oros.
440 1082 473 1143 et
493 1078 585 1153 Xon,
614 1075 655 1145 de
675 1076 769 1143 rebus
791 1096 811 1140 a
832 1076 988 1145 Flaminio
1009 1076 1136 1143 consule
1157 1078 1258 1144 inuito
1280 1082 1392 1143 senatu

319 1204 468 1270 prospere
491 1182 586 1266 gestis
609 1182 648 1249 de
662 1183 848 1265 magistratu
870 1184 900 1249 ei
920 1183 1072 1267 abrogato
1090 1184 1248 1267 triumpho
1265 1184 1392 1253 decreto

320 1290 360 1355 de
381 1289 465 1357 hello
482 1310 503 1355 a
518 1288 667 1355 Marcello
690 1288 905 1371 redintegrato
926 1310 998 1355 cum
1019 1290 1106 1366 Zon,
1130 1289 1170 1355 de
1192 1290 1308 1355 illustri
1326 1291 1394 1355 eius

321 1397 455 1463 uictoria
464 1416 535 1463 oum
549 1394 702 1472 omnibus,
714 1394 753 1460 de
776 1394 962 1461 Virdomaro
984 1416 1059 1479 rege
1081 1417 1101 1462 a
1123 1395 1271 1464 Marcello
1293 1396 1395 1462 occiso

321 1526 393 1571 cum
414 1501 593 1584 Liuii'epit.
616 1500 697 1578 XX,
725 1501 867 1584 Eutrop,
889 1500 989 1580 Oros,
1011 1502 1156 1569 debello
1178 1503 1219 1569 ab
1242 1502 1396 1568 ambobus

321 1608 500 1677 consulibus
529 1612 658 1692 peracto
686 1618 758 1673 cum
786 1606 875 1689 Oros.
904 1613 937 1678 et
965 1609 1040 1673 Zon.
1068 1608 1224 1692 copiosius
1247 1608 1396 1675 describit

319 1716 442 1798 insigne
456 1712 648 1781 fortitudinis
664 1713 849 1797 exemplum,
874 1712 959 1797 quod
978 1714 1144 1781 Marcellus
1159 1714 1297 1780 hostium
1316 1715 1396 1781 duce

320 1842 468 1906 percusso
501 1820 669 1905 spoliisque
703 1820 814 1909 opimis
837 1840 876 1885 ex
909 1840 947 1885 eo
980 1820 1088 1885 relatis
1116 1820 1266 1887 ediderat.
1310 1822 1396 1888 solus

321 1934 476 1997 memorat
497 1928 553 2004 Ill,
578 1927 619 1993 16
643 1926 820 2003 secerdotes
842 1914 925 1992 bello
947 1926 1068 1993 Gallico
1089 1926 1242 2009 flagrame
1264 1928 1396 1993 militiae

320 2037 518 2103 uacationem
552 2054 614 2101 non
648 2033 794 2101 habuisse
829 2054 868 2099 ac
901 2032 993 2111 vm,
1031 2033 1075 2099 38
1110 2034 1265 2117 superatis
1297 2034 1396 2100 Gallis

321 2164 341 2207 e
373 2140 491 2225 praeda
531 2138 670 2222 Delphos
709 2144 742 2203 et
779 2138 910 2205 Hieroni
949 2137 1173 2223 Syracusarum
1205 2141 1272 2223 regi
1311 2139 1407 2227 dona

322 2267 390 2313 esse
423 2245 526 2313 missa
583 2265 684 2328 neque
723 2267 780 2313 nos
820 2244 978 2314 offendere
1013 2250 1134 2330 potest,
1172 2246 1257 2329 quod
1292 2265 1397 2329 regem

324 2352 532 2419 Gaesatorum
565 2372 585 2415 a
616 2351 765 2417 Marcello
798 2352 996 2418 interfectum
1021 2351 1207 2418 Plutarchus
1236 2352 1395 2439 Βριτόμα-

324 2482 387 2536 sou,
416 2478 523 2523 omnes
551 2464 693 2525 auctores
727 2458 861 2527 Romani
877 2457 909 2543 *)
945 2458 1163 2527 Virdomamm
1196 2466 1253 2525 aut
1284 2460 1396 2544 paulu·

324 2564 391 2631 lum
425 2562 637 2646 discrepantes
676 2563 912 2641 Virdumarum,
957 2564 1203 2643 Viridomarum,
1252 2565 1396 2631 Viriodu-

325 2692 448 2737 marum
475 2670 647 2737 nominant.
697 2691 772 2737 nam
799 2690 914 2737 nomen
934 2670 1014 2737 illud
1034 2671 1203 2739 barbanum
1225 2672 1398 2740 ecdurum

301 2798 345 2843 a
371 2776 511 2841 Graecae
544 2776 668 2859 linguae
701 2776 831 2840 lenitate
863 2775 1034 2847 abhorrens
1063 2776 1184 2844 Graeco
1206 2778 1254 2844 on'
1274 2798 1397 2845 accom-

324 2883 488 2952 modatum
521 2882 645 2950 uidetur
677 2903 754 2949 esse.
799 2904 872 2951 cum
905 2883 968 2949 alio
1000 2889 1106 2951 autem
1133 2883 1213 2951 duce
1236 2884 1398 2950 Gallorum

324 2990 528 3067 Brittomaro,
555 3010 650 3072 quem
678 2989 719 3057 ab
746 2990 880 3057 Asmiho
916 2990 1043 3059 conside
1070 2991 1189 3057 uictum
1217 3011 1284 3059 esse
1312 2992 1397 3057 solus

325 3096 437 3165 Florus
458 3096 499 3173 ΙΙ,
527 3095 549 3159 4
570 3094 718 3178 prodidit,
741 3096 944 3163 Plutarchum
965 3095 1186 3163 theomarum
1206 3095 1393 3173 confudisse,
1524 3136 1527 3138 Α

326 3202 412 3287 quod
440 3202 510 3285 qius
540 3202 664 3285 opinari
691 3202 815 3285 possit,
835 3202 920 3267 credi
940 3224 1004 3269 non
1026 3208 1140 3286 potest,
1164 3204 1241 3286 quia
1260 3224 1324 3269 non
1345 3224 1397 3269 so·

325 3311 392 3377 lum
419 3309 452 3373 in
481 3308 562 3376 libro
592 3308 735 3390 quo-hoc
756 3308 826 3375 loco
847 3330 924 3374 usus
946 3314 995 3377 est
1016 3308 1071 3376 sed
1094 3310 1189 3375 etiam
1206 3299 1294 3392 ¹apud
1317 3309 1397 3375 Var-

325 3436 443 3493 ronem,
472 3414 527 3481 ubi
553 3412 620 3481 fieri
648 3435 710 3480 uon
738 3415 842 3497 potuit
869 3419 906 3481 ut
933 3414 1067 3481 duorum
1089 3414 1251 3483 Gallorum
1272 3416 1426 3504 nomina,

325 3521 599 3597 confunderentur,
637 3520 721 3587 idem
749 3540 863 3595 nomen
891 3519 967 3604 legit
993 3520 1046 3607 (cf.
1075 3513 1157 3589 Plut
1186 3522 1281 3589 Marc
1304 3522 1397 3599 VII13

326 3628 450 3695 Romul.
483 3626 559 3695 XVI
566 3651 575 3703 3
609 3626 694 3693 Fest.
716 3646 746 3691 u.
770 3628 876 3710 opima
907 3627 1016 3711 spolia,
1048 3648 1118 3710 pag.
1156 3629 1219 3693 186
1251 3635 1284 3695 ot
1317 3650 1397 3711 quae

327 3742 439 3821 postea
460 3733 499 3799 de
520 3734 558 3801 iis
581 3734 657 3800 locis
685 3735 899 3818 exponemus).
922 3732 1043 3816 aliquid
1057 3732 1161 3801 differt
1175 3734 1360 3801 Plutarchus
1375 3758 1396 3800 a

326 3846 460 3919 Zonara,
482 3841 630 3924 quicum
651 3840 780 3923 Polybio
802 3839 843 3917 ΙΙ,
868 3840 911 3905 34
943 3840 1140 3909 consentiens
1163 3840 1262 3907 Gallis
1289 3847 1397 3925 peten-

326 3952 411 4041 tibus
423 3968 533 4033 pacem
554 3967 617 4013 non
640 3966 707 4013 esse
735 3966 915 4017 concessam
937 3944 1077 4024 tradidit,
1100 3967 1170 4011 oum
1192 3946 1268 4011 dicit
1287 3967 1396 4031 pacem
1431 4008 1436 4026 ,

328 4078 424 4141 quam
462 4053 658 4119 dissuasisset
691 4053 857 4119 Marcellus
888 4073 923 4117 re
972 4053 1099 4130 factam,
1139 4075 1159 4119 a
1202 4054 1302 4120 Gallis
1339 4076 1396 4119 au-

327 4172 392 4232 tem
413 4168 540 4247 ruptam
561 4180 637 4229 esse.
661 4159 771 4243 quodsi
786 4180 862 4225 uero
877 4159 968 4225 XXX
982 4160 1069 4227 milia
1082 4158 1291 4226 Gaesatorum
1313 4161 1398 4245 apud

435 4446 459 4511 ⁸)
478 4446 533 4496 Liu.
552 4461 591 4513 ep.
610 4444 673 4502 XX:
697 4443 760 4496 Flor.
779 4442 861 4504 11,4;
885 4442 987 4509 Eutrop.
1006 4442 1054 4504 III,
1072 4444 1103 4506 63
1126 4442 1195 4499 Oros.
1213 4444 1259 4505 IV,
1279 4446 1324 4503 132
1343 4445 1397 4497 Au-

328 4536 371 4589 rel.
395 4536 458 4588 Vict.
483 4535 531 4593 45;
557 4535 670 4601 Propert.
694 4532 738 4593 IV,
764 4534 806 4593 10,
829 4534 877 4593 413
904 4532 973 4584 Seru.
1003 4532 1035 4584 ad
1053 4532 1117 4586 Aen,
1136 4534 1180 4593 VI,
1197 4533 1262 4593 8563
1289 4534 1353 4585 Fest.
1372 4548 1396 4586 u.
1468 4552 1470 4556 ’

329 4628 410 4692 opima
433 4625 519 4691 spolia,
538 4640 595 4691 pag.
622 4624 672 4677 186
696 4622 804 4690 (Mtll.);
824 4627 880 4673 arta
898 4623 1012 4689 triumph.
1032 4622 1137 4689 Capitol.
1160 4626 1187 4675 in
1208 4624 1399 4689 corp.iuscr.1

328 4732 352 4782 p.
372 4717 432 4769 458.
472 4770 473 4773 ,
587 4745 589 4751 ·
1019 4717 1020 4720 ’
1084 4782 1088 4789 ⁴

1174 4802 1190 4854 3
