3417 5567
742 654 964 719 ...33-

314 874 349 937 et
371 867 492 937 Graeca
514 867 549 933 in
573 865 643 933 foro
670 864 778 933 boario
799 865 883 931 uiuis
904 864 1036 931 defossis
1058 885 1130 931 cum
1151 863 1240 932 Oros
1260 870 1293 929 et
1312 863 1388 929 Zon.

315 979 364 1061 (ot
384 974 485 1041 Dione
502 971 609 1041 Cassio
624 977 759 1059 excerpt
783 972 885 1039 Voles.
910 973 978 1057 12),
1000 968 1041 1036 do
1063 969 1138 1037 diris
1153 971 1303 1058 prodigiis
1316 992 1388 1037 cum

316 1080 405 1149 Oros.
435 1085 469 1144 et
489 1080 581 1155 Zon.‚
610 1076 650 1145 de
671 1076 765 1143 robus
787 1098 808 1141 a
828 1078 984 1146 Flaminio
1005 1077 1133 1143 musula
1154 1078 1254 1145 inuito
1276 1083 1389 1143 senatu

315 1206 465 1273 prospere
487 1185 582 1269 gestis
605 1184 645 1251 de
658 1184 844 1267 magistratu
866 1185 896 1251 ci
917 1184 1069 1267 abrogato
1086 1184 1245 1267 triumpho
1261 1185 1389 1250 decreto

316 1293 356 1359 da
378 1292 461 1359 bello
477 1312 498 1357 a
514 1289 663 1357 Marcello
686 1289 901 1373 redintegrato
922 1289 1391 1367 cumZon.,deillust1ieius

317 1400 451 1465 uictoria
461 1419 531 1463 cum
545 1394 698 1474 omuibus,
710 1396 750 1463 de
772 1395 959 1463 Virdomaro
981 1417 1056 1480 rago
1077 1418 1098 1462 a
1119 1397 1268 1463 Marcello
1289 1396 1391 1461 oociso

317 1528 389 1573 cum
410 1502 590 1587 Liuii'apit.
613 1502 693 1580 XX,
721 1502 863 1585 Eutrop,
886 1501 985 1580 Oros,
1007 1503 1048 1568 de
1070 1503 1153 1571 bello
1175 1503 1216 1571 ab
1238 1502 1392 1570 ambobus

317 1611 496 1679 consulibus
526 1614 654 1693 peracto
682 1630 754 1675 cum
782 1608 871 1690 Oros.
900 1614 934 1678 et
962 1610 1037 1675 Zon
1065 1609 1220 1693 copiosius
1243 1608 1392 1675 describit

316 1720 438 1801 insigne
452 1714 645 1783 fortitudinis
660 1714 846 1799 exemplum,
871 1714 955 1798 quod
975 1715 1141 1781 Marcellus
1155 1715 1293 1781 hostium
1313 1715 1393 1781 duce

316 1844 464 1909 percusso
497 1822 666 1907 spoliisque
700 1821 811 1905 opimis
833 1842 873 1885 ox
906 1840 944 1887 eo
977 1820 1085 1886 relatis
1113 1820 1262 1887 ediderat.
1307 1823 1393 1887 solus

317 1936 472 2001 memorat
494 1930 550 2006 ΙΠ,
575 1929 616 1996 16
640 1927 816 2005 sacerdotes
838 1927 922 1993 hollo
944 1927 1064 1993 Gallico
1086 1926 1239 2010 flagrante
1261 1927 1393 1994 militias

317 2039 515 2107 moationom
549 2056 611 2101 non
645 2034 791 2103 hahuisse
826 2055 865 2101 ac
898 2034 990 2112 VIII,
1028 2034 1072 2099 38
1107 2034 1262 2118 superatis
1294 2034 1393 2101 Gallis

319 2166 338 2211 e
369 2142 487 2227 praeda
528 2140 667 2225 Delphos
705 2145 739 2205 et
776 2140 907 2207 Hieroni
946 2138 1171 2225 Syracusarum
1202 2141 1269 2223 regi
1308 2138 1392 2206 dona

317 2270 387 2317 *osse
420 2248 523 2316 missa
580 2267 681 2331 nequo
720 2268 777 2315 nos
816 2246 975 2316 offendere
1010 2250 1130 2331 potest,
1169 2246 1253 2330 quod
1289 2266 1394 2330 regem

322 2354 529 2421 Gaesatorum
562 2374 582 2417 a
613 2353 762 2419 Maroello
796 2353 993 2419 interfectum
1018 2352 1204 2419 Plutarchus
1233 2352 1392 2439 Βριτόμα-

322 2486 385 2539 wv,
413 2480 520 2527 omnes
548 2466 690 2528 auctores
724 2459 858 2527 Romani
874 2459 906 2544 ⁸)
942 2458 1160 2527 Virdomamm
1193 2466 1250 2525 aut
1281 2461 1393 2544 paulu-

322 2568 389 2635 lum
421 2566 634 2649 discrepantes
673 2564 909 2643 virdumarum,
955 2564 1200 2644 Viridomarum,
1249 2566 1393 2632 Viriodu-

323 2694 445 2741 marum
472 2673 644 2739 nommant.
695 2692 769 2739 uam
797 2692 911 2740 nomen
931 2671 1010 2739 illud
1032 2671 1201 2739 barbarum
1222 2693 1261 2739 ao
1283 2672 1395 2739 duurm

299 2800 344 2847 a
369 2779 508 2845 Graecae
541 2779 665 2861 linguae
699 2778 828 2843 lenitate
861 2777 1031 2849 abhorreas
1060 2777 1181 2844 Graeco
1203 2779 1251 2845 ou'
1271 2799 1394 2845 accom-

322 2886 485 2955 modatum
518 2885 642 2953 udam
674 2906 752 2951 essa.
797 2906 869 2953 cum
902 2885 965 2951 alio
997 2891 1104 2952 autem
1131 2884 1211 2951 duos
1233 2884 1395 2951 Gallorum

323 2994 525 3069 Brittomaro,
553 3012 647 3075 quem
676 2991 716 3057 ab
743 2992 877 3059 Aemilio
913 2991 1040 3060 consule
1067 2992 1187 3059 uictum
1214 3011 1281 3059 esse
1310 2991 1394 3058 solus

323 3100 434 3169 Florus
455 3099 496 3177 ΙΙ,
525 3098 547 3163 4
568 3097 716 3181 prodidit,
738 3098 942 3165 Plutarchum
962 3096 1183 3165 virdomarum
1204 3096 1391 3174 consuisse,

324 3206 409 3291 quod
438 3205 507 3289 quis
539 3204 662 3288 opinari
688 3204 812 3287 possit‚‘
833 3203 918 3269 credi
938 3224 1002 3270 non
1023 3209 1137 3287 potest,
1162 3204 1238 3287 quia
1259 3225 1323 3270 non
1343 3224 1394 3269 so-

324 3314 390 3381 lum
416 3313 449 3377 in
479 3310 560 3377 libro
589 3331 651 3393 quo
673 3310 732 3378 hoo
754 3310 823 3377 loco
845 3332 922 3375 usus
944 3316 992 3377 est
1014 3310 1069 3375 scd
1091 3311 1187 3375 ctiam
1203 3300 1292 3393 'apud
1315 3309 1395 3375 Var-

323 3440 441 3495 ronem,
470 3417 524 3485 ubi
551 3416 618 3483 fiori
645 3438 708 3481 non
736 3416 839 3500 potuit
867 3421 905 3483 ut
930 3415 1064 3483 duorum
1087 3416 1249 3483 Gallorum
1270 3417 1424 3504 uomina

324 3524 596 3600 confunderentur,
634 3523 718 3589 idem
746 3542 861 3591 nomen
888 3522 965 3606 legit
991 3522 1044 3608 (of.
1072 3522 1154 3590 Plut
1183 3522 1279 3589 Marc
1302 3522 1395 3599 VIII;

324 3631 448 3699 Romul.
481 3630 573 3707 XV13
607 3630 691 3695 Fest.
715 3650 744 3697 u.
768 3630 874 3712 opima
904 3629 1014 3713 spolia,
1046 3649 1116 3713 pag.
1154 3630 1217 3695 186
1248 3636 1282 3697 ot
1315 3650 1395 3712 quae

325 3745 437 3825 postca
457 3737 497 3803 do
518 3737 556 3805 iis
578 3736 655 3804 loeis
682 3738 897 3820 exponemus).
920 3734 1041 3819 aliquid
1054 3734 1159 3803 differt
1173 3735 1359 3801 Plutarchus
1373 3758 1394 3801 a

325 3848 458 3923 Zonara,
481 3844 628 3927 quicum
649 3841 778 3926 Polybio
799 3842 841 3919 ll,
865 3842 909 3907 34
942 3842 1138 3911 consentiens
1161 3841 1260 3909 Gallis
1287 3848 1396 3925 peten-

325 3954 531 4043 tihuspaoem
553 3970 615 4015 non
638 3970 706 4015 esso
733 3968 913 4015 concessam
934 3946 1074 4025 tradidit,
1098 3968 1168 4013 cum
1190 3948 1266 4013 dicit
1285 3968 1395 4032 pacem
1429 4008 1434 4029 ,

326 4082 422 4144 quam
459 4056 656 4123 dissuasisset
689 4056 854 4121 Marcellus
886 4075 921 4119 re
970 4054 1097 4132 factam,
1137 4076 1157 4121 a
1201 4054 1300 4121 Gallis
1338 4076 1394 4122 au-

325 4176 391 4235 tem
412 4171 538 4250 ruptam
559 4183 635 4231 esse.
659 4162 770 4247 quodsi
784 4182 861 4227 uero
875 4161 966 4227 XXX
980 4161 1067 4229 milia
1080 4160 1290 4228 Gaesatorum
1311 4161 1397 4246 apud

433 4448 457 4514 ·)
476 4449 531 4501 Liu
551 4464 589 4517 ep.
608 4448 672 4505 XX;
695 4446 758 4499 Flor.
777 4444 812 4506 11,
830 4447 860 4506 43
884 4445 986 4512 Eutrop.
1005 4441 1053 4507 ΠΙ,
1071 4446 1101 4507 6;
1124 4444 1193 4500 Oros.
1212 4445 1257 4506 IV,
1277 4447 1322 4504 132
1341 4446 1396 4498 Au-

327 4540 371 4592 rel.
394 4540 457 4592 Vict.
481 4539 529 4596 45·,
556 4538 668 4603 Propert.
693 4536 737 4596 IV,
763 4537 804 4595 10,
828 4537 875 4595 413
902 4534 972 4587 Seru.
1001 4534 1260 4594 adAen.V1‚856;
1288 4536 1351 4586 Fest.
1371 4548 1395 4586 u.

328 4630 409 4695 opima
431 4628 518 4695 spolia,
537 4642 594 4693 pag.
621 4628 671 4680 186
695 4625 803 4693 (Muli.);
823 4630 879 4675 arta
897 4626 1011 4691 triumph.
1031 4624 1136 4691 Capitol.
1159 4628 1185 4677 in
1207 4638 1274 4691 corp.
1292 4624 1397 4675 inscr.1

327 4736 351 4786 p.
371 4720 431 4773 458.

1083 4783 1087 4791 ’
1172 4804 1189 4855 a
