3417 5567
748 638 969 705 ..37-

319 852 480 937 quondm
502 850 702 919 Archimedes
725 851 768 917 ed
788 852 1025 919 defendendum
1039 852 1150 919 unbem
1169 853 1395 931 metruxuunt,

321 958 506 1043 plerumque
537 964 605 1023 tum
636 963 685 1023 est
716 957 835 1037 similis,
871 965 909 1025 ut
934 959 1067 1026 rufine
1086 958 1396 1043 liuiumr'Polybimu

322 1068 424 1147 putee
467 1063 560 1129 nimis
589 1084 665 1129 uero
693 1076 744 1129 res
761 1065 981 1149 'perstringere
1009 1066 1138 1133 studens
1159 1064 1316 1156 quaedum
1337 1063 1395 1131 ob—
1474 1050 1477 1055 ¹

322 1169 463 1235 soursuit
490 1176 546 1235 aut
573 1170 703 1235 inuertit
723 1170 841 1251 Liuius,
864 1172 1000 1255 impetus
1020 1176 1113 1237 nocte
1135 1192 1156 1236 e
1177 1171 1326 1236 Marcello
1346 1170 1395 1235 fs·

322 1275 367 1340 uti
397 1275 517 1340 millam
548 1276 738 1371 mention·
768 1276 851 1343 teuit.
906 1282 941 1343 ut
968 1298 1040 1343 cnm
1061 1276 1288 1355 sambucarum,
1316 1297 1395 1360 ques

320 1381 436 1447 inmotis
464 1381 545 1447 binis
573 1382 847 1465 quinqueremibus
873 1382 1038 1467 impositus
1065 1402 1135 1447 esse
1163 1381 1395 1449 accuratissime

319 1486 489 1571 descripsit
515 1488 679 1573 Polybius,
706 1488 826 1555 nubem
853 1489 1043 1555 mentionem
1068 1489 1178 1558 bosut
1198 1490 1317 1567 liuius,
1339 1487 1395 1554 sed

322 1598 425 1659 turres
438 1594 656 1684 contabulatas
670 1595 983 1680 machinamentaque
997 1594 1063 1661 ulie
1074 1596 1108 1661 in
1118 1583 1329 1662 ilhs'nsuibus
1339 1614 1395 1661 ex-
1415 1603 1418 1606 ’
1453 1637 1459 1645 ·

322 1705 444 1765 structe
465 1721 534 1765 esse
555 1702 737 1786 prodiderit,
759 1722 833 1767 eum
846 1709 974 1787 praeter
996 1702 1161 1787 Polybium
1181 1700 1316 1768 ultorum
1335 1722 1395 1767 au·

320 1812 442 1873 ctorem
464 1808 655 1873 consuluisse
678 1829 802 1873 necesse
825 1813 875 1873 est
894 1814 932 1873 ut
952 1808 1174 1875 existimemus
1202 1810 1291 1874 item
1312 1827 1395 1893 quse

319 1918 444 1980 restant
465 1915 603 1997 quinque
624 1914 801 1998 tegmenta
821 1913 944 1999 Polybii
964 1914 1066 2000 (VIII,
1088 1915 1147 1991 863
1170 1915 1229 2000 37>
1249 1913 1394 1998 quamuis

321 2022 386 2087 sint
418 2022 530 2105 exigue.
558 2026 714 2091 testentur
741 2022 838 2086 etiarn
864 2022 899 2085 in
919 2021 1151 2105 expugnatione
1171 2019 1395 2105 &mensarum

321 2127 527 2193 describenda
553 2128 679 2193 Liuium
698 2127 822 2213 Polybii
847 2128 984 2211 uestip‘u
1007 2128 1170 2215 pressisse
1209 2147 1290 2211 quae
1324 2146 1395 2191 eum

320 2234 369 2299 ito
396 2235 461 2299 sint
488 2234 615 2300 omuino
634 2234 670 2299 in
691 2232 920 2299 rebusSirulis
941 2232 1107 2299 nmrendis
1127 2233 1253 2298 Limum
1273 2231 1396 2317 Polybii

321 2342 542 2407 aueouurem
570 2346 810 2417 secutumesse,
839 2362 914 2408 roro
932 2341 1086 2405 ultorum·
1101 2345 1261 2405 amtorem
1284 2358 1394 2405 consu
1457 2377 1459 2380 ·

320 2446 416 2512 luisse
444 2447 607 2531 probabile
633 2453 690 2513 est
718 2483 761 2495 »-
789 2450 888 2531 atque
914 2448 1011 2513 etiam
1038 2450 1120 2530 quae
1146 2447 1333 2513 Plutsrohm
1355 2445 1396 2513 de

321 2552 415 2619 rebus
447 2554 558 2621 Siculis
591 2556 736 2639 exposuit
767 2574 838 2620 oum
870 2554 931 2619 hac
955 2554 1130 2639 Polybiane
1145 2554 1335 2619 =nurrstione
1361 2555 1395 2619 in

321 2659 503 2725 uniueisum
529 2667 720 2744 conquest,
750 2666 788 2725 ut
812 2661 909 2749 nullu·
928 2660 1304 2744 sit'controuersiaquin
1324 2660 1394 2735 uin·

321 2766 393 2831 culo
421 2766 558 2849 quodem
585 2767 784 2832 cohaereant.
797 2787 870 2833 eum
891 2786 938 2831 eu.
981 2765 1200 2831 similitudines
1222 2787 1298 2831 uero
1318 2774 1395 2833 uum

319 2895 360 2941 ex
382 2874 525 2939 adhibito
548 2874 678 2959 Polybio
698 2896 742 2940 un
770 2894 788 2939 e
810 2873 901 2941 linio
923 2894 965 2939 uu
988 2894 1006 2938 o
1027 2873 1183 2939 communi
1205 2878 1239 2937 et
1259 2894 1281 2937 a
1301 2872 1394 2956 Poly·

320 2980 383 3046 bio.
406 2986 440 3044 et
476 3001 495 3044 s
534 2980 703 3045 Plutarcho
735 2980 888 3064 usuupeto
918 2980 1007 3046 sonte
1040 2978 1188 3044 {inerint
1214 2977 1395 3061 diligentius

320 3086 535 3171 quaerendum
546 3091 612 3151 'est
656 3106 696 3151 ee
717 3086 842 3151 Liuium
860 3081 1172 3169 quidsmPluturchi
1191 3084 1311 3151 fontem
1330 3104 1395 3162 nou

320 3192 416 3259 luisse
439 3198 558 3259 certum
581 3198 638 3259 eet
681 3212 756 3259 nem
775 3198 814 3257 ut
835 3193 1016 3258 omittemus
1038 3191 1204 3257 dicere⁸de
1225 3189 1395 3268 leuioribus

319 3300 539 3385 discrepemfis
567 3299 608 3387 de
638 3318 686 3377 eo,
717 3297 808 3383 quod
831 3298 940 3363 liuius
972 3299 1070 3364 elium
1088 3303 1250 3365 auctorem
1271 3304 1396 3365 secutus

320 3407 414 3473 ulitur
440 3428 480 3471 eo
506 3404 653 3492 Polybius
682 3404 835 3492 exposuit,-
863 3406 1051 3473 Plutarchus
1068 3406 1147 3471 tout
1170 3426 1244 3471 cunr
1264 3406 1395 3491 Polybio

320 3520 418 3599 etque
439 3513 567 3579 exhibet
588 3514 631 3592 id,
655 3514 740 3599 quod
761 3512 872 3579 Liuius
890 3513 1112 3599 prsetermisit
1134 3511 1277 3597 pluribus
1297 3529 1394 3596 egeus

320 3618 361 3714 de
382 3621 533 3686 sambuce
554 3627 588 3685 et
609 3618 652 3686 de'
669 3622 791 3705 impetu
813 3627 906 3687 noete
926 3640 948 3685 e
968 3616 1117 3685 Murano
1137 3623 1293 3703 suscepto.
1336 3638 1395 3703 pe·

317 3732 371 3793 tet
399 3726 618 3791 Plutarchum·
638 3713 767 3811 propius
798 3724 1025 3792 areedemed
1055 3724 1229 3809 Polybium
1271 3724 1330 3791 sed
1354 3746 1395 3791 ne

320 3852 359 3899 so
381 3830 508 3917 quidem
534 3852 611 3897 usus
629 3838 687 3900 est.
730 3832 810 3898 nam*
827 3832 871 3897 ud
887 3836 1050 3897 estunam
1070 3831 1207 3914 speeiem
1226 3830 1395 3915 suspirium

320 3938 439 4007 nullum
460 3939 597 4024 reperies
617 3945 677 4005 eut
695 3938 839 4006 dictionis
854 3944 912 4005 eut
921 3938 1137 4023 dispositionis
1150 3936 1394 4016 similitudinem,

321 4046 407 4133 quod
429 4066 505 4111 sane
528 4046 641 4111 mirum
662 4052 754 4123 esset,
778 4045 1022 4129 sipraecipuum
1036 4049 1195 4109 auctorem
1208 4043 1395 4111 Plutarchus

320 4154 482 4223 hebuisset
496 4151 668 4238 Polybium.
697 4157 794 4236 euque
809 4156 952 4236 pugnent
968 4148 1065 4217 etiem
1078 4151 1161 4216 inter
1175 4170 1219 4227 se,
1234 4168 1306 4217 cum
1319 4148 1394 4215 Plu-

320 4260 449 4329 tarchus
464 4258 570 4343 prodit
585 4258 767 4325 Marcellum
782 4263 853 4323 octo
869 4258 1108 4341 quinqueremes
1122 4255 1394 4341 unomeguoiugo

320 4366 482 4451 colligasse
496 4366 530 4429 in
544 4366 643 4453 ecque
652 4362 834 4429 sambucum
843 4360 1147 4448 exstruxisse-(XIV,
1171 4362 1224 4438 17;
1240 4359 1309 4439 XV,
1326 4362 1394 4447 le),

320 4472 467 4559 Polybius
482 4476 588 4537 eutem
602 4466 737 4547 dilucide
759 4470 902 4553 eipliost'
915 4474 989 4535 octo
1010 4467 1279 4556 quinqueremimn
1293 4466 1394 4545 hines,

321 4580 412 4649 alteri
428 4578 527 4644 remis
545 4575 667 4642 dennis
688 4576 780 4641 elteri
799 4575 935 4646 sinistris
956 4573 1092 4659 demptis
1111 4573 1267 4661 nudisque
1285 4571 1394 4639 luteri-

322 4685 381 4753 bus
408 4682 574 4769 copuletis,
601 4682 735 4768 singulis
760 4681 916 4749 sambucis
936 4682 1167 4747 muscosus
1189 4679 1278 4745 uelut
1295 4698 1395 4745 unam
