3417 5567
345 856 548 925 Plutarchum
577 873 758 945 comparare
781 861 865 927 licet
890 859 1139 949 (Liusxxvss,
1169 860 1319 939 lte-163
1346 860 1414 947 top

346 973 442 1049 atque
469 967 595 1031 Liuium
622 966 749 1050 quidem
775 967 917 1033 uidemus
939 968 1002 1034 hcc
1019 968 1174 1033 leuamen
1195 968 1298 1033 urium
1320 989 1415 1052 quam

295 1086 303 1096 ·
345 1078 441 1137 autea
459 1073 493 1137 in
520 1072 712 1137 uniuemum>
724 1074 905 1158 conspirare
925 1096 999 1139 cum
1018 1073 1415 1161 Plutarcho·1·duplieisquc

345 1176 448 1243 famae
480 1178 614 1245 eandem
647 1200 742 1262 quam
775 1180 931 1267 probauit·
956 1178 1156 1245 Plutarchus
1170 1180 1328 1258 exhihere,
1359 1178 1416 1245 sed

344 1306 568 1375 nonuunquam
588 1286 635 1349 ita
656 1285 697 1350 ab
720 1307 758 1351 eo
780 1285 990 1351 discedere-ut
1010 1286 1076 1350 eius
1091 1291 1201 1352 auctor
1221 1285 1331 1372 haberi
1351 1306 1415 1353 nou

345 1392 454 1475 possit.
498 1412 539 1455 ne
561 1391 693 1457 leuiores
715 1391 940 1476 discrepantias
955 1391 1145 1457 oumulmuuu
1166 1392 1317 1459 nonnulla
1338 1390 1415 1456 affe-

343 1518 457 1575 remus,
480 1496 592 1581 quihus
613 1497 661 1561 ita
680 1518 748 1561 rem
774 1518 841 1561 esse
865 1497 1023 1563 eruuntur.
1067 1518 1142 1563 nam
1162 1518 1223 1582 pru
1241 1498 1415 1565 incredibili

345 1604 378 1667 ui
407 1603 477 1667 auci
503 1624 521 1667 o
545 1602 670 1686 ‘direpto
700 1602 836 1669 Tarento
863 1602 1079 1669 munerarium
1107 1602 1299 1691 telumue
1319 1610 1351 1688 ἓ.
1377 1605 1414 1671 iu

343 1710 487 1793 „argenti
513 1710 562 1774 uis
590 1709 699 1793 ingens
725 1708 801 1774 iacti
828 1710 1019 1793 signatique,
1046 1710 1118 1775 auri
1134 1710 1306 1783 »LXXXIII
1327 1712 1415 1777 milia

343 1815 497 1901 pondo“)‚
521 1836 601 1898 quae
623 1815 783 1881 Valerium
803 1814 963 1881 Antiatem
986 1822 1079 1899 quom
1100 1816 1300 1890 immodicum
1319 1818 1415 1885 ᾖῇεεε

342 1923 377 1987 in
398 1922 534 1987 numeris
549 1920 699 2005 augendis
711 1922 942 2004 nemori‘guorat
955 1920 1089 2001 redolent
1106 1922 1295 1989 Plutarchus
1315 1924 1414 1992 multo

341 2029 493 2095 minorem
508 2046 547 2092 ao
568 2026 809 2112 probabiliorem
828 2042 983 2093 summam
1005 2026 1298 2112 exhibet’quaone
1321 2052 1415 2116 quar-

342 2142 410 2201 tam
437 2135 563 2219 quidem
588 2140 713 2219 partem
741 2135 892 2201 Liuianae
925 2152 1064 2201 summae
1099 2136 1205 2219 explet
1219 2134 1412 2227 ,ᾖάεηνέχθη
1504 2212 1508 2231 ¹

342 2241 419 2316 δἐἰς
441 2238 477 2307 τὸ
500 2239 655 2329 δημόσιον
676 2242 835 2324 τρισχίλια
852 2238 1015 2326 nitentat·
1055 2240 1298 2309 deiude-Liuius
1318 2244 1414 2329 siguis

339 2369 381 2413 ae
412 2348 528 2413 tabulis
562 2348 802 2414 Tarentinorum
834 2367 904 2413 sese
936 2346 1132 2413 abstinuisse·
1161 2343 1294 2415 Fabium
1328 2350 1412 2429 dicit,

253 2448 266 2467 ⁸
339 2453 510 2530 Plutarcho
533 2459 662 2518 auctore
682 2453 797 2518 Fabius
818 2453 1020 2536 ‘peramplum
1041 2453 1186 2529 Herculis
1206 2455 1413 2538 signum'Ro-

338 2583 426 2627 mam
448 2560 628 2647 deportant
649 2566 682 2625 a
703 2560 852 2644 ipsosibi
874 2564 1011 2625 stanam
1023 2580 1162 2627 famam
1184 2544 1359 2645 aquaem
1379 2564 1413 2629 in

341 2667 498 2754 Capitolio
524 2667 638 2752 posuit.
688 2667 817 2732 alterius
838 2667 1031 2751 triumphia
1053 2668 1152 2733 Fabio
1176 2666 1215 2733 de
1237 2669 1413 2737 Tarentinis
1472 2670 1475 2674 ’

340 2777 406 2842 acti
439 2776 630 2840 mentionem
662 2775 740 2839 iacit
757 2775 987 2853 Plutarchum·
1000 2796 1064 2841 nou
1084 2777 1184 2841 item
1207 2776 1324 2855 Liuius,
1360 2778 1415 2862 qui

339 2882 487 2970 (XXVII,
508 2882 562 2959 20,
586 2882 622 2967 9)
644 2882 723 2946 nihil
750 2881 826 2972 (licit
845 2881 923 2945 nisir
941 2881 1060 2959 „Fabio
1089 2882 1269 2948 Tarentum>
1286 2888 1419 2967 captum

339 2994 413 3054 astu
433 2988 531 3072 magis
554 3008 650 3071 quam
670 2988 789 3052 uirtute
803 2987 920 3070 gloriae
937 2992 1048 3051 tamen
1071 2996 1168 3052 essef‘
1212 2989 1319 3073 itaqua
1342 3012 1414 3057 curu

337 3096 418 3161 itam
434 3096 515 3159 ut'
501 3117 541 3159 m
567 3095 673 3157 cetera
700 3098 791 3176 parte
812 3093 925 3159 uitae
934 3092 1123 3158 Plutarchus
1144 3098 1177 3158 et
1197 3094 1306 3161 Liuius
1327 3116 1413 3163 com·

339 3203 446 3287 parati
474 3201 556 3278 siut¹
568 3198 686 3265 fontem
708 3199 877 3282 utriusque
886 3198 1034 3344 hocloco
1045 3199 1179 3315 cundem
1200 3199 1297 3343 ᾖῇεεθ
1317 3208 1413 3357 atque

339 3314 437 3374 autea
456 3308 523 3373 ueri
545 3306 735 3371 simillimum
757 3311 865 3371 est
1038 3354 1041 3362 -
1070 3345 1072 3367 .
1162 3334 1177 3361 :r

358 3452 363 3457 ·
447 3413 562 3479 Similis
590 3418 655 3476 est
663 3412 811 3476 ratium
819 3412 868 3479 ᾖε
891 3433 972 3496 quac
993 3352 1122 3479 restant.
1164 3350 1412 3482 narratiuncula-

338 3541 412 3586 rum
441 3535 520 3603 quas
548 3540 615 3603 cap
642 3517 749 3584 XXIV
776 3518 905 3585 exhibet
933 3520 1120 3587 Plutarchus
1138 3518 1248 3587 altera
1267 3524 1423 3591 uniuersa·

339 3626 477 3692 concinit
505 3645 575 3691 cum
601 3626 692 3689 Liuio
720 3625 835 3703 XXIV,
864 3626 918 3704 44,
947 3646 1137 3710 quamquam
1163 3626 1335 3713 perperam
1353 3630 1423 3697 hoe

338 3733 410 3797 loco
442 3736 573 3796 narrata
605 3735 654 3795 est
686 3751 707 3794 a
739 3729 927 3809 Plutarcho,
956 3732 1030 3815 quia
1056 3732 1120 3796 iam
1147 3739 1295 3815 quattuor
1323 3716 1412 3801 anuis

340 3843 415 3905 aute
443 3837 614 3902 Tarentum
641 3841 768 3921 captum
794 3836 877 3903 filius
900 3828 1063 3902 eousuhtu
1084 3838 1210 3903 fimotus
1232 3846 1310 3919 erut,
1332 3842 1412 3907 alte-

338 3966 410 4011 ram
436 3945 470 4010 in
497 3943 660 4008 undecimo
688 3941 769 4008 libro
797 3942 881 4007 Liuii
907 3941 1002 4008 ᾖῇεεθ
1030 3945 1097 4009 ueri
1125 3944 1224 4009 simile
1252 3953 1308 4013 ost.
1353 3970 1412 4033 pu-

337 4058 439 4137 gnant
467 4072 542 4117 uero
570 4050 654 4116 inter
682 4071 724 4128 se,
753 4048 838 4134 quod
861 4049 1093 4116 celeberrimum
1125 4051 1214 4117 illum
1245 4054 1280 4133 Q.
1317 4056 1411 4122 Fabi.

339 4180 396 4224 um
420 4157 593 4223 Maximum
626 4156 804 4221 Ruiliauum
835 4177 989 4239 proauum
1023 4156 1187 4223 Verrucosi
1227 4159 1412 4227 Plutarchus

339 4266 427 4345 dicit,
450 4265 560 4330 Liuius
595 4286 690 4330 auum
723 4264 845 4351 (XXX,
880 4266 947 4351 26).
1007 4264 1140 4331 Fabium
1181 4266 1244 4331 filio
1287 4274 1411 4335 mortuo

336 4372 556 4459 purentauisse
578 4377 614 4436 ut
633 4370 751 4455 prodat
771 4369 881 4437 Liuius
896 4376 1020 4437 tuntum
1042 4371 1141 4449 abest,
1164 4376 1199 4435 ut
1219 4370 1318 4438 filium
1339 4380 1412 4458 post

336 4485 475 4546 mortem
499 4478 599 4561 patris
626 4497 775 4561 augurem
801 4477 834 4541 in
861 4476 964 4543 locum
995 4478 1061 4544 eius
1094 4478 1313 4561 inauguratum
1344 4500 1412 4545 esse

336 4591 448 4651 narret
476 4582 591 4672 (XXX,
621 4583 688 4669 26).
734 4581 867 4648 Fabium
894 4583 975 4647 mira
1007 4604 1078 4649 cum
1110 4584 1286 4649 constantie
1316 4590 1411 4669 atque

338 4690 500 4758 offirmata
526 4688 691 4756 uoluntate
719 4688 855 4755 consiliis
888 4687 1049 4774 Scipionis
1084 4689 1137 4774 qui
1165 4692 1289 4755 cautam
1321 4689 1412 4757 Fabii
