3417 5567
723 676 765 687 ..
809 639 942 704 24·-

297 849 456 917 Plutarchi
477 849 622 935 proprius
644 868 720 915 esse.
764 848 842 933 quid
863 849 959 933 igitur
980 846 1182 915 statuendum
1203 852 1274 916 cst?
1302 850 1370 917 sola

296 956 501 1023 fundamenta
528 962 634 1023 cetero
663 961 776 1021 ornatu
803 961 909 1041 spreto
936 954 1140 1021 Plutarchum
1161 975 1179 1021 e
1200 957 1293 1024 Liuio
1316 980 1370 1025 ex·

297 1063 447 1149 carpsisse
474 1062 515 1128 ab
543 1064 648 1129 animo
676 1063 846 1146 impetrare
876 1081 940 1126 non
966 1082 1130 1145 possumm
1153 1068 1190 1127 ut
1210 1069 1370 1148 putemus3

296 1171 396 1237 multa
423 1190 499 1235 sane
526 1167 719 1254 probabilius
747 1174 796 1233 est
822 1173 1007 1251 argumenta
1035 1189 1074 1233 ex
1101 1172 1258 1237 communi
1284 1171 1372 1236 fonte

297 1283 464 1360 utrumque
492 1275 640 1359 petiuisse
672 1294 711 1339 ac
731 1294 788 1357 pro
818 1294 875 1339 suo
910 1278 1081 1357 utrumque
1114 1273 1240 1362 ingenio
1275 1281 1372 1360 atque

295 1383 399 1450 indole
422 1401 589 1447 exornasse
617 1385 713 1463 atquc
742 1379 921 1445 excoluisse.
966 1380 1030 1445 iam
1067 1401 1143 1446 uero
1180 1383 1208 1447 si
1244 1383 1278 1448 in
1305 1402 1371 1449 me-

296 1492 427 1557 moriam
470 1508 653 1555 resecamus
703 1486 929 1571 discrepantias
975 1508 1071 1572 supra
1121 1493 1264 1567 notatas,
1301 1489 1371 1573 qui-

298 1597 356 1663 bus
382 1616 458 1661 uum
484 1594 609 1659 Lirrium
635 1593 826 1658 Plutarchus
859 1591 1038 1658 adhibuerit
1070 1594 1134 1659 iam
1162 1593 1291 1660 dubium
1313 1600 1371 1672 est,

298 1708 419 1769 certum
440 1700 565 1767 uidetru
587 1698 677 1765 nobis
699 1720 768 1765 esse
789 1719 892 1782 neque
914 1704 1099 1782 argumenta
1120 1701 1296 1765 orationum
1317 1721 1373 1766 ne-

299 1830 361 1895 que
388 1808 513 1874 omnino
540 1804 713 1889 quidquam
741 1824 759 1870 c
779 1804 872 1870 Liuio
894 1804 1063 1888 sumpsisse
1084 1806 1296 1885 Plutarchum,
1318 1806 1374 1873 sed

298 1920 466 1997 utrumque
489 1932 528 1977 ex
550 1909 661 1977 eodem
682 1911 770 1997 fonte
791 1910 931 1975 hausisse
954 1911 1067 1977 omnia

405 2020 506 2098 Quem
534 2038 730 2085 communem
758 2018 879 2083 fontem
900 2017 1033 2083 Fabium
1054 2019 1209 2085 Pictorem
1230 2019 1324 2085 fuisse
1348 2021 1374 2085 si

301 2147 364 2193 non
385 2126 450 2192 iam
471 2128 567 2190 antea
581 2125 765 2191 euicerimus
780 2125 878 2190 etiam
898 2146 917 2191 a
937 2126 1037 2191 totius
1059 2122 1248 2191 narrationis
1268 2126 1374 2193 indole

300 2254 415 2317 magna
437 2253 509 2297 cum
530 2232 597 2297 ucri
612 2230 821 2316 similitudine
835 2230 918 2296 effici
938 2232 1047 2316 possit.
1092 2254 1165 2298 nam
1187 2252 1251 2297 non
1272 2233 1375 2298 minus

301 2360 319 2404 e
346 2338 437 2405 Liuio
465 2358 561 2421 quam
589 2359 606 2403 e
635 2338 804 2403 Plutarcho
832 2339 936 2403 elucet
963 2344 1124 2405 auctorem
1146 2361 1209 2423 quo
1230 2340 1280 2405 usi
1302 2346 1377 2405 sunt

300 2467 351 2512 res
378 2466 460 2529 quac
486 2444 528 2511 ad
554 2443 687 2511 Fabium
714 2445 888 2511 Maximum
910 2451 1055 2529 spectent
1074 2446 1213 2512 maxima
1234 2468 1306 2513 cum
1327 2446 1375 2511 di·

302 2553 431 2637 ligcntia
457 2556 490 2615 ct
518 2550 633 2615 eximia
654 2572 730 2616 cura
753 2552 933 2635 exposuisse
955 2558 1052 2635 atque
1072 2557 1140 2617 tam
1162 2573 1266 2617 acrem
1287 2551 1376 2619 Fabii

302 2658 498 2725 defensorem
526 2677 564 2721 ac
591 2662 857 2741 propugnatorem
891 2678 925 2721 sc
953 2658 1144 2742 praebuisse,
1174 2664 1212 2724 ut
1232 2649 1377 2725 nonnun-

303 2786 398 2851 quam
426 2763 465 2828 de
492 2762 554 2828 fide
582 2764 648 2828 eius
676 2762 813 2829 dubitari
847 2762 969 2829 debeat
1020 2764 1264 2850 quotiescunque
1291 2766 1374 2832 enim

302 2874 370 2939 fieri
385 2876 491 2957 potest
511 2870 644 2935 uirtutes
667 2892 705 2935 ac
725 2870 838 2935 merita
860 2871 950 2936 Fabii
971 2871 1102 2936 Maximi
1123 2873 1252 2938 summis
1273 2872 1374 2938 laudi·

303 2980 362 3045 bus
391 2976 571 3055 efferuntur,
598 2977 727 3043 Minucii
749 2982 782 3041 et
804 2976 1050 3043 obtrectatorum
1071 2979 1138 3043 eius
1160 2980 1321 3048 temeritas
1342 2984 1377 3045 et

303 3085 443 3171 prauitas
477 3104 573 3168 quarn
607 3084 878 3151 uehementissime
911 3085 1085 3170 corripitur.
1136 3084 1262 3169 proelii,
1291 3082 1375 3168 quod

305 3192 433 3257 absente
459 3190 557 3255 Fabio
583 3190 737 3255 Minucius
766 3202 837 3255 cum
865 3188 1042 3256 Hannibale
1063 3191 1177 3255 inierat
1197 3195 1231 3255 et
1252 3188 1292 3254 de
1313 3209 1376 3273 quo

263 3343 265 3348 -
305 3298 393 3363 uarie
420 3296 460 3360 ab
490 3296 669 3361 auctoribus
695 3295 868 3362 iudicatum
895 3316 963 3361 esse
990 3316 1009 3361 a
1035 3296 1126 3361 Liuio
1149 3296 1296 3361 discimus
1318 3296 1377 3383 (24

306 3411 334 3488 ξ.
365 3402 499 3487 8-14),
527 3406 634 3467 noster
661 3400 771 3467 auctor
798 3401 869 3467 bam
896 3402 1024 3467 exhibet
1051 3403 1273 3481 narrationem,
1295 3422 1378 3486 quae

306 3508 392 3575 laudi
414 3506 504 3573 Fabii
526 3528 620 3589 quam
642 3508 768 3573 minime
789 3507 888 3573 officit
908 3506 1038 3573 Minucii
1059 3509 1191 3591 gloriam
1208 3507 1376 3573 imminuit.

306 3614 473 3699 probatam
494 3612 628 3701 deniquo
650 3634 688 3679 ac
709 3604 871 3679 laudatam
893 3633 963 3679 assa
983 3613 1169 3697 prudentem
1191 3614 1282 3681 Fabii
1302 3613 1378 3681 belli

307 3720 435 3805 gerendi
461 3720 614 3785 rationem
642 3720 684 3786 ab
710 3722 779 3805 ipso
801 3721 948 3798 Minucio,
971 3722 1026 3804 qui
1047 3720 1263 3786 acerbissimus
1285 3726 1381 3786 antea

308 3827 506 3893 aduersarius
528 3827 595 3891 eius
616 3826 729 3905 fuerat,
753 3846 817 3909 qua
838 3825 983 3891 ubartata
1004 3832 1039 3891 at
1060 3827 1217 3892 suauitate
1239 3826 1380 3911 depingi·

308 3932 375 3999 turl
420 3932 494 3997 talis
521 3952 596 3997 uero
624 3932 764 3997 narratio
786 3933 836 3997 cui
860 3932 965 4017 aptius
987 3932 1084 3998 tribui
1104 3933 1205 4017 possit
1226 3952 1321 4015 quam
1343 3931 1380 4009 Q.

309 4039 407 4106 Fabio
440 4038 573 4116 Pistori,
607 4038 860 4107 Fabii.Maximi
891 4039 1000 4123 gentili
1034 4044 1130 4127 atquc
1156 4038 1290 4126 aequali,
1317 4058 1381 4126 quo

310 4145 465 4211 naminem
513 4145 689 4209 accuratius
732 4144 858 4211 nouisse
907 4163 957 4210 res
1000 4145 1041 4210 ab
1082 4145 1137 4210 illo
1178 4150 1284 4227 gestas
1326 4149 1383 4209 aut

310 4251 426 4317 maiore
461 4249 667 4315 admiratione
700 4250 878 4334 amplexum
904 4270 971 4317 esse
1000 4256 1034 4315 et
1061 4249 1261 4334 descripsisse
1289 4240 1380 4317 facile

310 4353 514 4439 intellegiturl

417 4460 567 4527 Venimus
600 4460 643 4527 ad
682 4482 807 4545 pugnae
843 4460 1014 4527 Cannensis
1047 4460 1285 4547 descriptionem
1321 4460 1383 4549 (Pl.

313 4566 531 4653 XIV-XVI),
554 4589 726 4657 quaecum
747 4566 877 4654 Polybio
891 4567 1010 4635 nullam
1032 4589 1178 4652 magnam
1199 4590 1272 4633 cum
1292 4568 1384 4633 Liuio

314 4674 548 4739 simihtudinam
577 4674 683 4753 habet,
711 4680 748 4739 ut
774 4674 975 4739 manifestum
1002 4674 1044 4739 sit
1064 4679 1122 4739 aut
1142 4672 1345 4739 Plutarchum
1367 4694 1385 4737 e
