3417 5567
729 588 944 654 ..pp-

304 797 507 866 Plutarchum
537 814 718 885 comparare
751 801 825 867 licat
848 799 1099 888 ruia-xxva,
1128 800 1279 878 las-163
1306 799 1374 886 Pop

305 913 401 991 atque
429 907 555 972 Liuium
582 907 709 991 quidem
735 908 878 973 indamus
898 908 1048 973 hocloco
1069 928 1134 971 non
1154 907 1258 973 minus
1280 928 1375 990 quam

254 1028 261 1037 ·
304 1018 400 1077 antea
420 1014 454 1077 in
480 1014 660 1079 uniuersum
684 1015 866 1098 conspirare
885 1036 959 1079 cum
978 1012 1374 1101 Plutarcho·=.duplicisquc

304 1118 408 1183 famae
441 1118 574 1183 candem
607 1140 702 1203 quum
735 1120 891 1207 probauit·
916 1118 1104 1185 Plutarchus
1130 1120 1288 1197 exhibere,
1319 1117 1375 1185 sed

303 1247 528 1316 nonnunquam
549 1226 595 1291 ita
617 1224 657 1291 ab
680 1247 717 1291 eo
741 1225 1036 1291 disoederenteius
1050 1231 1161 1292 auctor
1180 1224 1291 1310 haberi
1310 1245 1375 1291 non

305 1332 414 1417 possit.
459 1353 500 1396 no
521 1332 653 1397 leuiores
675 1330 899 1415 dismepuntias
914 1330 1105 1397 cumulemus
1126 1331 1277 1397 nonnulla
1298 1329 1374 1396 atle-

303 1458 418 1515 remus,
441 1438 552 1522 quibus
568 1437 621 1502 'ita
640 1458 708 1502 rem
735 1458 801 1503 esse
824 1436 993 1502 emuntur
1027 1456 1103 1501 num
1122 1457 1182 1520 pro
1201 1436 1376 1503 incredibili

305 1544 338 1609 ui
367 1544 436 1609 auri
463 1564 481 1607 e
505 1542 631 1627 vdirepto
661 1542 796 1609 Tarento
823 1541 1039 1609 insonnem
1071 1541 1183 1607 delati
1201 1544 1259 1631 (16
1280 1549 1312 1627 ᾗ.
1337 1543 1374 1609 a:

303 1651 447 1734 ‚argenti
474 1650 522 1714 uis
551 1649 659 1733 ingens
686 1648 761 1714 facti
789 1649 978 1732 signatque,
1006 1649 1078 1714 auri
1093 1648 1267 1715 »LXXXIII
1287 1650 1376 1715 milia

303 1755 457 1841 pondo“)‚
481 1776 561 1839 quae
584 1755 743 1821 Valerium
764 1753 924 1821 anema
946 1763 1039 1839 quem
1060 1755 1260 1826 immodicum
1279 1756 1376 1822 fuisse

302 1864 337 1927 in
358 1862 494 1927 numeris
510 1860 659 1945 augendis
672 1861 903 1943 nemoignorat
915 1859 1049 1940 redolet·
1067 1861 1255 1927 Plutarchus
1275 1863 1375 1929 multo

302 1970 452 2035 minorem
469 1986 508 2031 ao
528 1966 769 2051 probabiliorem
789 1986 943 2033 summam
965 1966 1259 2051 eminet-quanm
1281 1990 1376 2053 quar·

302 2082 369 2141 tum
398 2074 523 2159 quidem
550 2079 673 2158 partem
701 2073 858 2141 Liuianae·
886 2091 1025 2139 snmmaa
1047 2074 1165 2158 explet
1189 2073 1373 2165 (ἅιηνέχθη
1464 2151 1469 2169 ¹

303 2182 380 2257 istc
402 2172 437 2247 τό
460 2178 616 2269 δημόσιον
637 2182 795 2264 τρισχίλια
812 2178 976 2265 rosana
1016 2180 1258 2247 deindohiuius
1279 2183 1375 2267 sigusia

301 2309 340 2354 ao
372 2287 489 2353 tabulis
523 2287 762 2353 Tarentinorum
795 2306 866 2351 sese
896 2286 1093 2353 abstinuisse
1122 2283 1255 2353 Fabium
1288 2288 1374 2367 dicit,

225 2388 234 2406 ¹
302 2393 471 2471 Plutarcho
494 2399 622 2458 auctore
643 2392 758 2457 lbbius
779 2392 981 2475 peramplum
1002 2392 1147 2469 Herculis
1166 2394 1289 2477 signum
1304 2396 1374 2462 Ro-

301 2523 387 2568 mam
409 2500 589 2585 deportnuit
610 2505 643 2565 st
664 2500 741 2583 ipse
753 2499 812 2566 sibi
834 2504 972 2565 statuam
993 2519 1123 2565 aeneam
1145 2483 1320 2583 eqmshcm
1340 2503 1375 2568 in

303 2608 458 2693 Capitolio
486 2608 599 2692 posuit.
649 2606 778 2672 alterius
799 2606 992 2691 triumphia
1013 2606 1112 2672 Fabio
1136 2606 1175 2672 do
1198 2608 1374 2676 Tarentinis

303 2718 366 2783 soti
399 2715 590 2780 mentionem
623 2714 700 2779 facit
731 2714 1024 2792 Plutarchuss-nen
1044 2716 1134 2780 itant
1167 2715 1285 2795 Liuius,
1320 2717 1376 2801 qui

302 2822 448 2911 (XXVII,
470 2823 523 2899 20,
547 2822 583 2907 9)
605 2821 683 2886 nihil
711 2820 787 2912 (licit
803 2821 884 2885 :nisis
902 2820 1021 2898 „Fabio
1049 2820 1230 2887 Tarentum»
1247 2827 1380 2906 captim·

302 2934 373 2995 astu
394 2927 492 3012 magis
515 2948 611 3010 quam
632 2927 750 2992 uirtute
764 2926 881 3009 gloriae
904 2931 1009 2991 tamen
1032 2936 1133 3002 essa-‘⁴
1173 2928 1281 3011 itaque
1303 2951 1375 2995 cum

301 3036 377 3101 item
404 3036 476 3099 ut'
463 3057 501 3099 ιιι
528 3037 634 3097 catara
661 3036 752 3115 parte
783 3032 887 3097 uitae
896 3031 1084 3097 Plutarchus
1105 3037 1138 3097 et
1158 3032 1268 3099 lluins
1287 3056 1374 3101 oom-

302 3142 407 3228 parati
435 3140 516 3217 sint,
529 3139 647 3204 fontum
669 3138 832 3221 utriusque
846 3138 996 3203 hocloco
1006 3139 1141 3204 eundem
1161 3138 1374 3297 timeatque

302 3255 397 3315 antea
417 3248 484 3312 ueri
506 3245 696 3311 similimum
718 3250 775 3310 est.
837 3260 878 3300 'o
1030 3287 1034 3306 .
1135 3295 1137 3300 .

408 3352 523 3419 Similis
551 3357 600 3416 ost
624 3350 734 3416 ratio
725 3374 759 3415 m
781 3352 828 3417 iis
851 3372 943 3435 quas
953 3293 1084 3418 restant
1125 3277 1374 3420 narratiuncula-

302 3482 372 3526 rum
402 3473 481 3543 quas
509 3478 576 3542 cap·
604 3456 710 3523 XXIV
738 3456 866 3525 exhibet
894 3458 1081 3525 Plutarchus
1098 3457 1209 3527 altaro
1228 3463 1374 3531 unusne

303 3566 439 3633 concinit
466 3586 536 3629 oum
563 3564 654 3630 Liuio
682 3564 797 3642 XXIV,
825 3565 879 3643 44,
908 3586 1097 3649 quamquam
1124 3566 1297 3652 perperam·
1312 3569 1385 3635 hoo·

301 3673 370 3737 loco
403 3676 534 3736 narrata
566 3675 615 3735 est
648 3690 668 3734 a
700 3669 888 3749 Plutarcho,
917 3670 992 3753 quia
1018 3671 1082 3735 iam
1109 3678 1257 3755 quattuor
1284 3655 1374 3740 annis

303 3784 376 3845 ante
404 3776 575 3843 Tarentum
602 3781 729 3860 captum
756 3775 838 3841 filius
861 3768 1024 3841 consulatu
1046 3777 1171 3843 iunctm
1194 3786 1272 3859 erat,
1292 3780 1373 3846 alte-

302 3907 370 3952 ram
397 3885 431 3950 in
457 3882 622 3948 undecimo
649 3882 730 3948 libro
758 3882 842 3947 Liuii
868 3882 963 3947 fuisse
991 3883 1059 3947 ueri
1086 3882 1185 3949 similo
1213 3891 1270 3951 cst.
1314 3910 1373 3973 pu-

301 3997 400 4078 gnant
428 4009 504 4056 uero
532 3991 615 4057 inter
643 4010 686 4067 se,
714 3988 800 4073 quod
821 3988 1055 4056 celeberrimum
1086 3990 1175 4056 illum
1206 3993 1241 4071 Q.
1278 3994 1373 4061 Fabi-

302 4120 357 4165 um
382 4097 554 4163 Maximum
587 4095 766 4161 Rullianum
798 4116 951 4178 proauum
984 4095 1149 4162 Verrucosi
1188 4097 1374 4167 Plutarchus

303 4207 389 4285 dicit,
411 4205 521 4270 Liuius
556 4226 651 4270 auum
684 4203 807 4291 (XXX,
841 4205 909 4289 26).
969 4204 1101 4270 Fabium
1142 4204 1206 4270 filio
1248 4213 1373 4274 mortuo

301 4312 518 4400 parentauisse
539 4315 576 4376 ut
596 4309 712 4395 prodat
733 4309 842 4377 Ιιίιιὶιιε
857 4315 982 4375 tantum
1003 4309 1103 4388 abest,
1124 4315 1161 4374 ut
1181 4309 1280 4376 filium
1301 4318 1374 4397 post

301 4426 437 4487 mortem
461 4417 561 4501 patris
588 4436 736 4500 augurem
762 4416 926 4482 inlocum
957 4417 1023 4483 cius
1056 4417 1275 4500 inauguratum
1306 4437 1374 4485 osse

301 4530 410 4593 narret
438 4522 553 4611 (XXX,
582 4523 650 4609 26).
695 4520 829 4588 Fabium
856 4522 937 4587 mira
969 4542 1039 4588 cum
1072 4523 1248 4589 constantia
1277 4529 1373 4608 atque

303 4630 462 4699 offirmato
489 4628 652 4695 uoluntate
680 4627 816 4694 consiliis
850 4626 1011 4712 Scipionis,
1045 4628 1099 4712 qui
1126 4632 1251 4693 cautam
1283 4628 1375 4696 Fabii
