3417 5567
739 644 960 709 ..18..

317 862 373 945 qui
393 862 611 943 atqueatquc
637 818 804 926 annalium*
817 856 993 940 scriptores,
1016 860 1177 938 tamquam
1200 854 1239 919 ab
1261 854 1386 920 instita·

316 968 357 1033 tis
379 987 417 1031 ac
432 964 558 1048 'legibus
580 962 708 1030 minime
730 983 887 1027 recessum
903 964 953 1039 sit,
977 961 1162 1027 dictatmem
1183 958 1316 1027 Fabium
1338 960 1388 1025 di-

316 1078 402 1139 ctum
430 1092 498 1137 esse
526 1074 559 1134 et
585 1069 690 1152 ipsum
711 1068 883 1133 Minucium
904 1068 1088 1151 magistrum
1110 1068 1250 1151 equitum
1272 1066 1387 1132 dixisse

315 1178 424 1245 tradit.
468 1176 521 1260 qui
543 1175 671 1241 tandem
697 1174 765 1239 fieri
791 1174 895 1259 potuit
929 1178 965 1239 ut
995 1171 1180 1241 Plutarchus
1208 1174 1235 1238 si
1262 1173 1387 1237 Liuium
1498 1212 1505 1223 -

315 1284 517 1369 praecipuum
543 1280 655 1360 ducem
676 1284 801 1352 secutus
822 1284 906 1345 esset
926 1279 1004 1345 nihil
1027 1300 1135 1344 eorum
1157 1279 1387 1353 animaduerte-

314 1397 379 1468 ret,
409 1388 464 1453 sed
490 1388 525 1453 in
551 1386 686 1453 eundem
713 1392 859 1453 ueterum
881 1392 1044 1453 auctorum
1066 1406 1202 1453 errorem
1222 1386 1402 1453 inciderett·

314 1500 410 1564 immo
433 1518 496 1562 non
518 1495 643 1560 Liuium
665 1493 720 1560 sed
743 1515 840 1565 unum
863 1514 902 1559 ex
923 1494 962 1559 iis
982 1493 1171 1571 auctoribus,
1194 1494 1248 1576 qui
1269 1492 1388 1557 nullam

314 1601 534 1689 prcdictatoris
567 1602 757 1672 mentionem
788 1601 944 1678 fecerant,
977 1600 1160 1685 primarium
1186 1600 1304 1665 fontem
1330 1600 1387 1665 ha-

315 1711 420 1777 buisse
446 1709 649 1775 Plutarchum
677 1728 802 1773 necesse
818 1713 881 1771 -est
908 1712 945 1773 ut
973 1708 1175 1773 existimetur.
1219 1712 1315 1791 atque
1342 1708 1389 1771 ita

314 1836 381 1881 rem
414 1834 482 1879 esse
515 1813 643 1897 singulis
681 1812 758 1880 locis
793 1813 991 1896 perlustratis
1023 1813 1165 1897 pluribus
1198 1814 1388 1895 argumentis

315 1919 526 2004 probabimus.

419 2025 592 2108 Postquam
619 2021 805 2090 Plutarchus
839 2044 906 2108 cap.
940 2024 985 2091 IV
1018 2024 1102 2091 solus
1131 2046 1195 2108 qua
1220 2026 1388 2091 seueritate

314 2132 432 2199 Fabius
459 2131 615 2197 Maximus
643 2136 802 2199 uetustam
829 2131 1005 2197 dictaturae
1016 2130 1049 2217 ²¹²)
1076 2132 1274 2197 maiestatem
1295 2133 1388 2197 susti-

315 2240 418 2305 nuerit
439 2238 705 2315 commemorauit,
732 2242 801 2302 tum
826 2237 859 2301 in
884 2238 1064 2303 uniuersum
1095 2238 1292 2333 consentiens
1318 2260 1388 2305 cum

315 2346 405 2411 Liuio
435 2344 551 2432 (XXII,
581 2345 705 2430 9-11)
726 2364 802 2428 prae
825 2345 936 2413 ceteris
958 2365 1008 2409 res
1031 2344 1153 2410 dirrinas
1176 2352 1300 2412 curatas
1322 2368 1389 2411 esse

314 2452 465 2528 narrauit,
488 2471 556 2535 cap.
579 2450 608 2515 V
629 2450 729 2515 fusius
751 2451 817 2534 agit
836 2450 876 2515 de
899 2456 992 2515 cauta
1014 2472 1051 2515 ae
1071 2450 1218 2535 prudenti
1240 2451 1315 2517 belli
1335 2473 1388 2535 ge-

304 2557 403 2641 rendi
429 2558 551 2622 ratione
578 2556 670 2622 Fabii
697 2556 836 2621 Maximi
881 2577 919 2620 ae
947 2556 1080 2621 Fabium
1102 2578 1297 2641 summopere
1319 2558 1388 2623 uni-

314 2684 425 2729 uersae
439 2665 485 2728 rei
500 2662 730 2728 dimicationem
744 2663 862 2727 uitasse
886 2655 920 2726 ir'r
942 2683 1041 2745 ecque
1064 2664 1192 2728 consilio
1213 2664 1293 2729 mira
1315 2686 1389 2729 con-

281 2838 283 2848 .
315 2770 433 2836 stantia
454 2789 670 2852 perseuerasse
685 2786 791 2833 omnes
814 2774 957 2833 auctores
979 2769 1169 2852 praedicant.
1215 2772 1389 2836 accuratius

266 2930 272 2940 ,
314 2898 389 2941 uero
403 2869 569 2952 intuentes,
585 2874 847 2958 quemadmodum
862 2873 1063 2941 disseruerint
1077 2875 1117 2940 de
1130 2875 1190 2941 hcc
1204 2877 1295 2943 Fabii
1315 2899 1389 2943 con-

315 2983 395 3059 silio‚
424 2982 613 3065 singularem
639 2982 801 3046 intereos
827 2981 983 3046 rationem
1008 2981 1203 3048 intercedere
1224 3004 1389 3067 cognosce-

314 3111 392 3154 mus,
436 3088 587 3155 latissime
614 3085 654 3152 de
681 3109 720 3153 ec
748 3073 896 3172 Polybius
919 3087 1060 3171 disputat
1080 3088 1136 3165 III,
1161 3089 1306 3154 89-90:
1328 3091 1389 3155 Fa-

314 3196 400 3262 bium
427 3217 499 3259 cum
525 3193 642 3271 hostes,
671 3194 725 3277 qui
752 3194 871 3258 multos
895 3214 952 3277 per
980 3214 1079 3259 annos
1100 3195 1134 3259 in
1162 3195 1251 3260 bellis
1273 3198 1390 3262 uersati

314 3301 575 3386 imperatorisque
603 3300 770 3383 prudentia
792 3304 826 3364 et
846 3305 897 3365 tot
917 3300 1057 3365 uictoriis
1079 3300 1264 3366 inflammati
1286 3308 1390 3367 essent

314 3415 410 3492 atque
433 3428 529 3471 unam
552 3407 663 3473 salutis
686 3427 773 3490 spem
793 3406 827 3473 iu
840 3404 995 3471 uincendo
1016 3407 1152 3491 positam
1174 3427 1241 3473 esse
1265 3408 1388 3486 scirent,
1422 3452 1427 3459 -

313 3514 483 3597 plurimum
504 3518 666 3597 praestare
687 3512 899 3579 Romanorum
922 3512 1124 3613 exercitibus,
1153 3512 1311 3578 Romanos
1333 3535 1389 3578 au-

314 3625 379 3683 tem
413 3618 551 3699 cmqium
583 3639 688 3683 rerum
722 3617 919 3684 abundantia
961 3618 1158 3701 militumque
1193 3618 1390 3685 multitudine

314 3726 419 3791 hostes
433 3744 583 3807 superare
605 3724 736 3801 uideret,
751 3742 912 3807 nunquam
934 3744 1072 3789 summae
1094 3744 1198 3789 rerum
1219 3725 1391 3807 periculum

235 3823 239 3831 ’
314 3833 433 3909 fecisse,
457 3830 512 3898 sed
534 3830 770 3921 praeoccupatis
787 3830 969 3913 opportunis
985 3829 1061 3895 loeis
1083 3835 1116 3894 et
1137 3831 1170 3897 in
1188 3836 1258 3895 tuto
1279 3832 1390 3914 positis

314 3939 426 4003 castris
449 3937 556 4002 hostes
572 3936 736 4018 quominus
758 3935 949 4001 strumentum
964 3941 1167 4018 congererent
1188 3937 1390 4019 impediuisse

313 4045 497 4128 lenibusque
507 4042 730 4108 certaminibus
745 4062 909 4107 numerum
924 4040 1037 4109 eorumx
1050 4042 1243 4107 imminuisse
1265 4064 1391 4109 suorum

314 4151 434 4215 animos
441 4149 584 4214 erexisse.
608 4148 797 4213 Liuiusuero
811 4147 888 4212 dicit
900 4148 1001 4226 XXII,
1016 4150 1057 4213 12
1071 4152 1099 4231 ξ.
1113 4148 1236 4213 8-1οε
1259 4149 1392 4216 Fabium

314 4276 371 4320 suc
388 4256 480 4320 militi
503 4256 535 4319 in
562 4256 672 4320 castris
694 4259 821 4319 retento
843 4260 915 4320 tuta
939 4256 1043 4321 omnia
1065 4259 1098 4319 et
1119 4253 1233 4319 infesta
1254 4255 1391 4321 hostium

315 4436 527 4447 ...——--—

421 4520 445 4586 ¹)
465 4520 534 4581 Quae
556 4520 708 4573 Plutarchus
732 4522 847 4571 disseruit
870 4520 902 4571 ad
926 4519 1105 4573 enrrcleandam
1129 4521 1217 4588 legem,
1243 4537 1293 4589 qua
1311 4522 1391 4573 dicta-

314 4610 408 4662 toribus
429 4612 476 4661 uisi
499 4614 585 4675 rogato
608 4614 696 4661 senatu
720 4625 811 4677 equum
830 4610 964 4661 escendere
989 4626 1037 4661 nou
1056 4610 1155 4672 licebat,
1176 4626 1209 4663 ex
1228 4617 1329 4663 auctore
1348 4614 1392 4677 qui

314 4700 375 4771 περὶ
393 4696 482 4751 αἰτιῶν
499 4700 596 4764 scripsit
615 4699 734 4751 uidentur
752 4699 883 4765 desumpta
902 4716 964 4754 esse,
