3417 5567
745 647 967 717 ...41'...

313 868 434 931 extant
472 861 601 951 Liuius*
615 863 699 929 enim
731 861 885 950 (XXVII,
920 864 974 941 13,
1008 864 1066 947 11)
1093 862 1189 928 refert
1209 856 1392 932 Marcellum

314 970 536 1071 pronuntiasse
569 990 602 1035 se
636 968 780 1034 cohortes
814 990 834 1033 a
867 968 980 1053 quibus
1014 968 1089 1051 fuga
1110 975 1181 1035 orta
1203 978 1287 1036 esset
1308 973 1391 1037 inse-

316 1077 426 1161 quenti
448 1075 499 1139 die
520 1076 554 1140 in
575 1076 708 1159 primam
730 1076 830 1141 aciem
849 1075 1050 1141 inductumm
1072 1095 1151 1153 esse,
1174 1096 1245 1141 cum
1261 1078 1392 1143 'Plutar-

316 1184 394 1249 chus
423 1182 553 1269 (XXVL
581 1182 618 1267 2)
644 1183 730 1265 ipsas
757 1182 902 1249 cohortes
931 1181 1068 1246 creuisse
1096 1182 1279 1247 Marcellum
1301 1184 1393 1249 utin

316 1290 419 1373 prima
441 1289 508 1353 acie
531 1288 793 1355 constituerentur
815 1287 900 1353 dicit
923 1291 1088 1370 praeterea
1109 1288 1296 1355 Plutarchus
1318 1312 1392 1375 pro-

318 1396 368 1461 dit
377 1394 571 1472 Marcellum,
587 1415 660 1460 cum
674 1392 873 1479 profligatum
884 1394 979 1458 tertio
991 1393 1042 1457 die
1052 1393 1262 1459 Hannibalem
1272 1398 1393 1479 quomi-

319 1522 380 1567 nus
401 1522 421 1565 e
444 1500 578 1583 uestigio
598 1500 815 1583 insequeretur
840 1499 1039 1565 multitudine
1061 1500 1238 1565 sauciorum
1261 1501 1393 1585 impedi·-

318 1613 415 1684 retur,
438 1606 524 1673 lente
544 1606 579 1669 in
600 1604 805 1689 Campaniam
826 1604 953 1669 duxisse
976 1605 1105 1690 (XXVI,
1128 1606 1187 1690 27)
1210 1605 1392 1672 Sinuessae-

318 1732 382 1802 que
404 1714 526 1778 aestiua
548 1713 656 1795 egisse,
679 1717 716 1777 ut
742 1708 924 1778 debilitatae
947 1717 1001 1806 tot
1021 1712 1182 1777 laboribus
1203 1734 1242 1778 ac
1257 1715 1394 1779 uulneri-

318 1824 379 1888 bus
393 1800 537 1887 ,hiatum
557 1820 641 1885 uires
663 1818 872 1885 reficerentur.
895 1825 992 1903 atque
1006 1840 1107 1903 aquas
1122 1818 1326 1885 Sinuessanas
1342 1822 1394 1907 (of.

320 1928 390 1993 Liu.
413 1928 515 2004 XXII,
543 1928 596 2005 13,
625 1928 683 2013 10)
712 1927 798 1993 haud
829 1927 926 1992 dubie
947 1928 981 1991 in
1002 1928 1179 2011 insequenti
1201 1928 1304 2011 capite
1324 1950 1395 1993 rur·

319 2057 374 2100 sus
397 2033 560 2117 significat,
583 2056 654 2099 cum
676 2034 851 2100 Publicium
865 2034 1022 2111 Bibulum,
1039 2034 1180 2099 Marcelli
1203 2033 1395 2099 obtrectato-

319 2161 397 2217 rem,
420 2140 652 2205 contionantem
673 2139 765 2204 facit:
811 2138 883 2206 ἐπεὶ
914 2138 1105 2227 Μάρκελλος
1136 2137 1233 2228 μιαρὰ
1260 2142 1304 2230 rqi
1335 2166 1394 2207 πα-

320 2249 409 2333 acuo
440 2248 778 2329 προσγεγυμνασμένος
802 2243 908 2329 ὥσπερ
937 2243 972 2310 ἐκ
995 2246 1190 2331 παλαίστρας
1212 2246 1267 2313 ἐπὶ
1287 2246 1397 2332 θερμὰ

319 2348 439 2435 λαντρὰ
459 2349 676 2437 θεραπεύσων
698 2349 814 2417 ἑαυτὸν
842 2355 1018 2437 τέτραπται.
1069 2357 1180 2416 contra
1201 2352 1310 2417 Liuius
1330 2375 1397 2419 me-

262 2504 263 2507 *
321 2462 426 2524 morat
453 2476 516 2522 non
546 2457 641 2523 semel
670 2456 726 2521 sed
748 2457 854 2523 multis
877 2456 954 2521 locis
976 2457 1121 2543 (XXVII,
1143 2458 1188 2522 20
1204 2462 1239 2541 β.
1261 2458 1316 2537 10,
1339 2460 1397 2535 12;

301 2566 363 2631 ’21
388 2570 418 2647 ξ.
441 2564 472 2641 3,
498 2562 534 2640 73
567 2563 611 2627 22
634 2568 662 2646 §-
686 2564 724 2639 2;
751 2560 795 2627 25
818 2568 846 2645 ξ.
871 2562 925 2640 10,
949 2564 1006 2648 12)
1034 2564 1217 2629 Marcellum
1247 2565 1280 2629 in
1310 2570 1396 2631 tecta

322 2669 479 2737 Venusiae
506 2669 678 2735 exercitum
704 2668 881 2735 abduxisse.
932 2669 1021 2734 uides
1054 2670 1150 2753 igitur
1182 2691 1285 2755 neque
1313 2672 1399 2756 apud

322 2776 526 2845 Plutarchum
548 2797 650 2859 neque
679 2775 764 2861 apud
785 2776 912 2841 Liuium
933 2796 1048 2841 nomen
1070 2776 1156 2842 urbis
1177 2798 1270 2861 posse
1292 2800 1398 2843 corru-

323 2890 414 2968 ptum
442 2902 524 2959 esse,
553 2882 621 2948 fieri
649 2888 756 2948 autem
784 2904 849 2947 non
876 2883 1016 2965 potuisse
1044 2888 1081 2947 ut
1100 2883 1290 2949 Plutarchus
1312 2886 1358 2949 ita
1379 2907 1400 2950 a

322 2989 415 3057 Liuio
448 2988 637 3066 discederet,
672 2989 698 3053 si
725 2994 879 3073 perpetuo
913 3004 984 3055 eum
1006 2995 1080 3061 ante
1102 2990 1208 3055 oculos
1230 2991 1399 3057 habuisset.

322 3096 403 3161 haec
425 3094 530 3159 omnia
544 3094 571 3159 si
586 3098 689 3159 tecum
711 3095 916 3179 reputaueris‚
939 3095 1030 3160 huius
1053 3095 1152 3179 partis
1171 3096 1265 3175 uitae,
1289 3119 1400 3181 quam-
1422 3130 1425 3142 ‚

324 3222 422 3284 quam
442 3199 507 3265 fere
530 3200 635 3264 omnia
656 3200 824 3265 concinunt
846 3220 918 3265 cum
931 3200 1033 3277 Liuio,
1054 3201 1175 3265 fontem
1196 3203 1301 3285 potius
1324 3224 1400 3267 eun·

325 3307 398 3373 dem
420 3311 665 3389 auctoremque
688 3306 783 3371 etiam
805 3305 914 3371 Liuius
935 3328 1011 3372 usus
1034 3314 1083 3372 est
1104 3326 1201 3392 quarn
1222 3308 1325 3392 ipsum
1346 3308 1399 3374 Li-

325 3414 412 3479 uium
439 3411 543 3490 fauisse,
572 3411 660 3476 illam
686 3432 761 3477 uero
789 3412 872 3477 Liuii
895 3415 1081 3480 sententiam
1109 3434 1149 3478 ex
1171 3415 1321 3479 memoria
1344 3415 1400 3479 ad-

326 3520 441 3584 iectam
463 3538 529 3583 osse
552 3538 572 3582 a
594 3518 762 3583 Plutarcho
783 3517 945 3584 iudicabis.
1030 3596 1038 3609 ὀ
1274 3575 1276 3580 .

434 3624 520 3702 Quae
538 3624 724 3690 Plutarchus
738 3646 806 3710 cap.
824 3625 946 3690 XXVII
960 3624 1037 3689 dicit
1055 3625 1095 3690 de
1109 3626 1324 3699 criminatione
1339 3628 1402 3691 Pu-

327 3732 412 3797 blicii
433 3730 540 3796 Bibuli
560 3730 679 3795 tribuni
690 3730 811 3815 plebis,
835 3732 890 3815 qui
911 3732 951 3797 de
966 3730 1147 3815 abrogando
1168 3733 1300 3816 imperio
1315 3734 1401 3798 Mar-

328 3838 399 3903 celli
421 3838 527 3921 egerit,
551 3836 590 3903 de
613 3837 741 3902 aedibus
764 3837 885 3904 Honori
907 3858 944 3902 ac
967 3838 1085 3903 Virtuti
1106 3860 1127 3903 a
1149 3839 1298 3904 Marcello
1314 3838 1402 3905 dedi-

328 3946 417 4022 catis,
440 3944 479 4009 de
502 3943 654 4009 seditione
675 3944 821 4009 Etruriae
844 3943 886 4009 ab
909 3943 1019 4009 eodem
1040 3944 1160 4023 sedata,
1183 3945 1222 4009 de
1243 3944 1402 4028 prodigiis,

329 4069 410 4135 quae
421 4050 643 4135 impedimento
654 4050 772 4117 rueme
781 4050 947 4134 quominus
959 4050 1126 4115 Marcellus
1136 4051 1242 4135 copias
1259 4050 1405 4116 educeret

329 4157 478 4223 aduersum
505 4154 724 4233 Hannibalem,
758 4156 960 4221 inueniuntur
992 4156 1077 4241 apud
1109 4156 1236 4221 Liuium
1258 4156 1403 4242 (XXVII,

329 4262 487 4347 20-25),
520 4268 625 4328 tamen
648 4284 712 4328 non
744 4280 844 4347 aeque
875 4264 1043 4334 concinunt
1071 4284 1142 4329 cum
1164 4284 1202 4329 eo
1231 4268 1327 4346 atque
1356 4284 1403 4339 ea,

329 4389 412 4453 quac
453 4369 593 4453 proxime
638 4368 906 4452 perlustrauimus.
973 4368 1138 4452 pulchram
1179 4374 1212 4433 et
1252 4370 1405 4452 insignem

330 4476 443 4541 excelsi
467 4474 563 4539 animi
589 4471 731 4544 Marcelli
759 4475 1032 4561 adumbratiqnem
1054 4475 1093 4539 de
1115 4496 1173 4541 suo
1195 4475 1310 4540 adiecit
1331 4476 1405 4540 Plu-

329 4583 466 4649 tarohus.

357 4694 362 4703 ’
437 4688 620 4754 Accedimus
655 4688 697 4752 ad
738 4695 909 4753 extremam
946 4690 1031 4754 uitae
1064 4693 1203 4772 partem,
1239 4710 1310 4753 cum
1344 4708 1406 4771 qua
