3417 5567
751 650 972 764 ‘'42,.*

323 866 449 946 praeter
469 860 593 927 Liuium
616 860 761 948 (XXVII,
785 860 933 947 25-27)
948 861 1044 927 etiam
1056 860 1267 946 fragmentum
1277 865 1399 951 Polybii

324 968 383 1055 (X,
407 968 464 1052 32)
492 988 673 1052 comparare
701 968 782 1033 licet.
828 988 935 1033 omnes
965 988 1041 1032 uero
1065 968 1099 1032 in
1119 970 1301 1037 uniuersum
1323 992 1398 1038 oon·

323 1074 461 1141 sentiunt
494 1075 578 1139 inter
609 1094 643 1139 se
675 1074 845 1140 referentes
878 1074 1063 1140 Marcellum
1092 1076 1276 1159 speculandi
1302 1098 1398 1143 causa

323 1204 395 1247 cum
428 1182 547 1264 collega
581 1198 619 1246 ao
651 1180 759 1265 paucis
794 1180 952 1265 equitibus
985 1181 1019 1245 in
1051 1181 1208 1247 tumidum
1239 1183 1398 1267 quendam

322 1289 495 1375 profectum
530 1286 570 1353 ab
602 1285 744 1371 Numidis
776 1287 809 1351 in
842 1286 963 1351 insidiis
1001 1287 1113 1371 positis
1150 1288 1398 1356 circumuentum

192 1410 198 1429 ¹
322 1396 433 1461 lancea
465 1392 649 1459 transfixum
679 1412 749 1484 esse
766 1381 770 1405 ⁸
786 1412 824 1457 ac
854 1392 1033 1476 discrepant
1066 1383 1108 1459 ab
1139 1392 1300 1477 Appiano,
1343 1396 1396 1480 qui

323 1502 440 1589 (Hann.
467 1498 526 1584 50)
554 1498 736 1563 Marcellum
764 1502 882 1564 temere
910 1497 1062 1563 Numidas
1087 1499 1239 1582 praedam
1267 1508 1396 1584 agentes

322 1607 468 1673 adamum
493 1605 693 1671 interfectum
721 1624 789 1669 esse
811 1604 918 1669 tradit.
964 1604 1165 1670 statuendum
1187 1606 1284 1690 igitur
1304 1609 1393 1676 nobis

322 1720 371 1781 est
381 1734 461 1799 quae
471 1713 553 1779 ratio
567 1712 650 1775 inter
663 1715 728 1775 tres
742 1710 813 1774 illos
829 1715 976 1775 auctores
984 1710 1168 1776 intercedat
1191 1718 1288 1797 atque
1301 1735 1318 1779 e
1333 1715 1393 1780 Po-

321 1820 406 1906 lybio
439 1818 565 1905 quidem
594 1836 653 1882 nec
685 1816 810 1881 Liuium
837 1838 896 1882 nec
917 1816 1120 1883 Plutarchum
1140 1817 1281 1884 hausisse
1303 1821 1394 1887 facile

321 1927 527 2010 intellegitur,
555 1925 631 2010 quia
656 1924 757 1989 multo
785 1924 922 2009 amplius.
946 1944 1013 1989 rem
1039 1929 1188 1990 enarrant
1215 1948 1311 2011 quam
1331 1928 1393 1994 Po-

321 2034 433 2119 lybias,
462 2054 482 2096 a
509 2052 572 2116 quo
595 2050 635 2097 ne
657 2030 912 2113 Fregellanorum
934 2029 1071 2113 quidem,
1094 2052 1173 2114 quos
1193 2032 1227 2096 in
1247 2032 1303 2098 illo
1325 2054 1392 2099 cer·

322 2139 439 2205 tamine
460 2143 527 2202 tam
548 2136 673 2221 egregia
693 2134 885 2201 fortitudinis
914 2136 1058 2220 exempla
1076 2136 1212 2201 edidisse
1233 2138 1280 2202 illi
1300 2160 1392 2224 prae-

322 2247 438 2323 dicent,
460 2244 496 2309 fit
518 2242 644 2319 mentio,
668 2242 706 2307 de
729 2263 859 2307 numero
880 2263 955 2307 uero
978 2243 1118 2325 equitum
1134 2245 1275 2309 consides
1296 2246 1391 2310 comi-

322 2352 457 2417 tantium
485 2370 579 2433 quem
601 2368 707 2413 omnes
730 2346 883 2413 definiunt
905 2347 1096 2413 dissentiunt
1117 2348 1158 2413 ab
1180 2370 1226 2415 eo.
1272 2352 1392 2417 acoedit

323 2458 407 2545 quod
445 2456 615 2522 secundum
651 2455 776 2521 Liuium
813 2461 846 2519 et
882 2455 1086 2520 Plutarchum
1118 2455 1272 2520 Numidae
1305 2463 1390 2522 certo

321 2564 506 2631 Hannibalis
529 2562 657 2627 consilio
679 2562 712 2625 in
726 2560 845 2626 insidiis
861 2562 1014 2638 locantur,
1037 2561 1206 2627 secundum
1229 2562 1390 2647 Polybium

321 2677 427 2738 autem
455 2690 529 2735 casu
558 2667 695 2752 quodam
727 2668 761 2731 in
787 2667 943 2731 tumulum
971 2667 1058 2732 illum
1080 2668 1258 2751 peruenisse
1280 2669 1389 2734 uiden·

319 2783 380 2842 tur.
424 2775 533 2840 Liuius
562 2778 672 2839 autem
694 2778 727 2836 et
748 2772 935 2838 Plutarchus
956 2793 1021 2837 non
1043 2773 1135 2839 modo
1157 2775 1191 2839 in
1212 2770 1391 2844 uniuers‘um

320 2882 376 2949 sed
406 2882 502 2947 etiam
535 2879 574 2944 de
607 2878 736 2963 singulis
769 2878 849 2944 miro
880 2878 975 2943 modo
1009 2880 1198 2963 conspirant.
1241 2882 1275 2946 in
1301 2887 1392 2947 tanta

320 2995 426 3057 autem
453 2986 644 3071 singidorum
671 2984 873 3050 similitudine
900 3005 938 3050 eo
967 2985 1067 3069 magis
1095 2986 1209 3051 mirum
1237 2986 1391 3071 estquod

319 3096 359 3160 de
379 3116 443 3159 una
465 3115 499 3159 re
520 3094 604 3157 inter
625 3112 658 3156 se
674 3088 862 3157 dissentiunt
877 3097 910 3155 et
922 3096 1076 3175 pugnant.
1099 3092 1140 3156 ab
1155 3098 1290 3176 utroque
1308 3094 1391 3159 enim

319 3207 466 3267 narratur
483 3200 587 3283 copias
603 3196 644 3262 ad
660 3196 885 3281 oppugnandos
899 3197 1016 3262 Locros
1027 3198 1139 3263 missas
1155 3198 1189 3262 in
1203 3198 1332 3264 insidias
1349 3200 1391 3265 ab

319 3304 496 3372 Hannibale
519 3303 577 3369 sub
599 3303 729 3367 Petiliae
751 3304 873 3368 tumulo
895 3308 1030 3368 structas
1050 3303 1206 3368 incidisse.
1250 3312 1392 3388 pugnant

319 3433 394 3478 uero
417 3431 522 3481 seeum
544 3412 640 3495 copiis
670 3411 760 3476 Liuio
783 3418 910 3476 auctore
933 3431 953 3476 a
975 3410 1112 3476 Tarento
1134 3412 1251 3490 accitis,
1266 3412 1391 3479 Plutar-

320 3519 379 3584 cho
407 3522 534 3582 auctore
557 3538 577 3582 a
599 3517 779 3582 oonsulibus
801 3517 911 3582 missis.
934 3516 1003 3582 tum
1017 3517 1125 3582 Liuius
1137 3517 1200 3583 duo
1214 3520 1302 3585 milia
1316 3519 1390 3585 Plu-

320 3625 395 3690 chus
427 3622 489 3688 duo
516 3623 603 3689 milia
631 3629 664 3689 et
691 3622 877 3707 quingentos
906 3643 976 3688 esse
1002 3644 1109 3688 caesos
1130 3624 1233 3692 refert
1283 3609 1390 3710 itaque

318 3731 503 3797 indubium
531 3730 643 3796 saltem
669 3735 802 3796 uocatur
830 3752 906 3795 num
927 3730 1036 3795 Liuius
1058 3730 1128 3796 fons
1149 3731 1245 3797 fuerit
1265 3730 1390 3797 Plutar-

319 3839 378 3903 chi.
423 3858 518 3921 quam
546 3835 774 3901 dubitationem
801 3838 865 3900 n'on
892 3857 959 3901 esse
987 3857 1103 3901 uanam
1130 3842 1315 3921 argumento
1336 3836 1390 3903 iir-

265 3986 267 3991 ·
318 3946 457 4010 missimo
491 3942 719 4026 comprobatur.
775 3940 962 4007 Plutarchus
996 3943 1079 4007 enim
1107 3944 1189 4029 (cap.
1212 3942 1317 4029 XXX)
1350 3943 1390 4007 de

318 4056 418 4115 morte
451 4048 591 4114 Marcelli
624 4069 719 4132 agens
742 4052 910 4132 postquam
932 4050 1074 4114 narrauit
1095 4070 1225 4134 corpore
1246 4050 1313 4115 eius
1334 4050 1390 4115 de·

319 4157 402 4221 centi
435 4161 547 4221 ornatu
574 4154 658 4219 culto
691 4175 729 4219 ec
756 4153 918 4219 combusto
940 4175 1013 4220 ossa
1034 4156 1131 4221 cistae
1153 4161 1320 4239 argenteae
1340 4157 1390 4220 in-

319 4264 406 4329 clusa
437 4282 553 4328 corona
581 4282 677 4327 aurea
704 4260 828 4327 adiecta
857 4262 898 4327 ab
925 4262 1103 4328 Hannibale
1132 4263 1174 4328 ad
1201 4262 1301 4330 filium
1321 4285 1391 4329 esse

317 4370 427 4459 missa,
456 4369 489 4433 in
517 4368 629 4433 itinere
656 4386 732 4432 uero
761 4368 880 4451 impetu
907 4389 929 4433 a
950 4367 1092 4434 Numidis
1114 4370 1212 4435 cistae
1234 4371 1390 4453 pretiosae

317 4472 437 4557 cupidis
460 4474 492 4537 in
514 4494 568 4538 eos
591 4474 645 4558 qui
673 4473 877 4558 deportarent
898 4471 985 4539 illam
1006 4474 1090 4541 facto
1112 4474 1265 4560 dissipata
1285 4496 1388 4560 neque

318 4578 420 4645 denuo
451 4580 581 4645 collecta
611 4601 688 4657 esse,
719 4580 797 4645 haec
829 4580 933 4645 addit:
980 4584 1076 4647 τοῦτο
1102 4579 1164 4665 μὲν
1185 4564 1243 4648 οὖν
1263 4584 1296 4648 ot
1317 4582 1390 4668 περὶ

316 4682 493 4775 Κορνήλιον
530 4690 670 4754 Νέπωτα
708 4686 760 4752 καὶ
794 4684 970 4772 Οὐαλέριον
1009 4685 1162 4771 Μάξιμον
1199 4686 1387 4777 ἱστορήκασι.
