3417 5567
753 660 970 727 ..32-

296 874 300 879 ’
328 872 573 938 demonstratum
600 870 722 936 sithoc
749 870 818 937 loco
840 871 959 955 optimo
981 872 1048 937 iure
1071 871 1230 951 conicitur,
1254 894 1394 959 praeser-

328 979 386 1043 tim
408 999 478 1042 oum
496 999 656 1061 nunquam
676 978 758 1043 inter
780 1000 814 1043 se
836 978 1030 1057 dissentiant,
1055 978 1095 1044 ab
1117 979 1269 1065 Eutropio
1291 987 1396 1047 autem

327 1085 464 1171 pendere
497 1084 641 1149 Orosium
672 1086 726 1169 qui
758 1086 857 1151 multo
892 1086 990 1151 fusius
1023 1108 1073 1151 res
1105 1088 1284 1171 exposuerit
1313 1087 1396 1153 credi

328 1214 392 1257 non
418 1191 526 1276 possit.
578 1196 672 1274 atque
699 1212 762 1255 non
791 1191 892 1256 solum
915 1211 995 1275 quae
1019 1192 1160 1258 narrauit
1182 1192 1290 1258 Liuius
1312 1214 1395 1258 sum·

328 1299 438 1364 metim
470 1296 617 1373 retenuit,
651 1296 707 1361 sed
741 1298 835 1362 etiam
862 1298 945 1362 unde
974 1298 1113 1364 hauserit
1135 1320 1173 1365 ea
1195 1299 1308 1365 docent
1329 1322 1394 1365 nos.

330 1405 370 1471 de
391 1404 510 1488 ingenti
531 1402 613 1467 enim
640 1402 715 1467 belli
737 1408 892 1486 apparatu
914 1402 1098 1469 disserentes
1122 1403 1260 1470 adiciunt
1281 1406 1396 1471 Eutro-

327 1513 413 1597 pius:
442 1510 674 1593 „traditumque
701 1514 751 1573 est
772 1530 793 1573 a
814 1508 912 1573 Fabio
933 1509 1085 1575 historico'
1104 1511 1158 1593 qui
1192 1511 1221 1576 ei
1243 1510 1325 1577 bello
1347 1513 1395 1576 in-

328 1609 476 1693 arbitr·
490 1614 632 1681 Orosius:
657 1616 759 1692 „sicut
776 1616 899 1680 Fabius
915 1614 1081 1681 historicus
1102 1617 1159 1700 qui
1189 1617 1291 1683 eidem
1312 1618 1395 1683 bello

328 1720 488 1789 1111111111ξ
498 1722 651 1805 scripsit“
662 1744 678 1777 ε’
695 1743 768 1811 nont
785 1727 892 1786 autem
911 1722 1012 1805 ipsius
1033 1720 1123 1788 Fabii
1144 1720 1276 1789 Pictoris
1298 1744 1396 1791 anna·

328 1831 374 1895 los
401 1850 455 1896 ecs
482 1825 663 1912 menese}
691 1828 747 1892 sed
772 1826 888 1892 nomen
909 1829 975 1893 eius
997 1849 1015 1893 e
1037 1829 1128 1894 Liuio
1147 1832 1396 1916 transcripsisse

330 1958 422 2002 nemo
437 1932 689 2017 'nonfintellcgit
739 1935 804 1999 iam
825 1955 901 2000 uero
923 1952 995 1999 curn
1007 1934 1155 2001 ¹Zonaras
1176 1936 1301 2003 uberior
1322 1922 1396 2003 belli

330 2042 497 2125 descriptio
515 2041 668 2111 oenomai
691 2046 724 2104 et
763 2046 913 2124 congrum
945 2060 1017 2105 cum
1037 2038 1189 2126 Eutropio
1205 2048 1249 2107 ‘et
1276 2042 1396 2121 crosso,

239 2185 243 2192 κ
329 2150 385 2214 uix
406 2147 543 2213 dubitari
559 2142 665 2229 potest
682 2146 759 2230 quin
775 2147 855 2211 'item
869 2146 952 2211 'Dio‘
962 2145 1096 2225 (lessius,
1119 2168 1212 2231 quem
1235 2150 1397 2233 exscripsit

330 2258 476 2332 Zonaras,
499 2258 600 2337 atquc>
616 2254 724 2318 Liuius
746 2249 1048 2337 FabiumPictorem
1063 2259 1222 2320 auctorem
1243 2253 1396 2321 habuerit.

330 2362 382 2427 ab
398 2360 459 2425 hac
484 2380 569 2424 uero¹
586 2358 731 2425 Pabiana
749 2360 935 2455 narradone
962 2370 1153 2447 quamquam
1178 2380 1272 2449 saepe
1299 2360 1400 2451 pluri-¹

330 2466 691 2552 mumdistatPolybius,
702 2463 734 2552 l⁸)
756 2472 862 2532 tamen
871 2466 1008 2532 'Fabium
1022 2466 1181 2531 Pictorem·
1199 2467 1251 2531 ab·
1263 2488 1299 2533 eo
1322 2488 1397 2533 con·

330 2575 558 2639 solnmzesse·
571 2567 732 2638 cum'aliis
755 2590 836 2662 quae
858 2573 1039 2660 conspirant
1059 2592 1133 2637 cum
1156 2574 1266 2639 ceteris
1288 2581 1397 2640 aucto-

260 2766 266 2783 *
330 2681 416 2746 sus
449 2662 1331 2770 111111,18)11111εικ11ωνῆνκα11αυμασ11ν
1360 2679 1396 2747 a

331 2779 594 2872 συμβαῦνωποῖζ
614 2784 653 2853 s'u
675 2783 825 2874 αὐτῷ-τῷ
846 2787 946 2872 καιρῷ
968 2783 1214 2871 τότε-’παροῦσιν
1235 2787 1400 2871 significari

329 2893 463 2959 uidetur.
491 2925 535 2942 -·-
563 2890 612 2956 his
638 2892 815 2980 explanatis
839 2890 921 2979 quid
947 2890 986 2955 de
1013 2892 1180 2957 Plutarcho
1202 2892 1402 2959 iudicandum

332 3002 373 3066 sit
393 2998 564 3064 uideamus.
609 3019 647 3064 ac
669 2990 833 3082 Polybium
847 2998 973 3085 quidem
994 2998 1111 3063 ibntem
1133 2999 1199 3065 eius
1222 3021 1285 3065 non
1305 3000 1401 3065 fnisse

330 3110 364 3173 in
386 3101 496 3195 aperto
514 3112 582 3184 cst,
610 3107 685 3196 quia
711 3106 812 3171 multa
831 3106 900 3170 fuse
922 3098 1030 3170 narrat
1051 3105 1246 3182 Plutarchus,
1269 3126 1401 3193 quonam

331 3214 451 3279 nullum
464 3212 550 3300 apud
563 3212 726 3296 Polybium
741 3217 790 3276 est
803 3212 982 3293 uestigium,
1005 3210 1098 3275 etde
1113 3210 1291 3277 Mediolano
1306 3216 1400 3299 capto

332 3341 432 3404 aeque
447 3326 541 3407 atque
556 3319 651 3383 ceteri
665 3324 809 3383 auctores
821 3318 965 3383 dissentit
981 3317 1023 3381 ab
1038 3338 1083 3381 eo.
1118 3317 1274 3383 simillima
1295 3323 1401 3383 autem

260 3431 263 3436 ’
331 3432 405 3492 sunt
427 3423 507 3515 qnae
526 3423 711 3489 Plutarchus
732 3423 873 3511 prodidit
893 3424 924 3487 ei
945 3422 1030 3487 belli·
1042 3422 1252 3510 descriptioni,
1275 3444 1400 3507 quamc

333 3535 432 3599 tribus
446 3533 508 3599 illis
522 3531 703 3596 auctoribus
717 3551 825 3595 eruere
847 3550 885 3594 ac
908 3515 1081 3595 Fabianam
1103 3530 1206 3595 dicere
1227 3549 1399 3617 possumus.

332 3662 406 3705 nam
427 3633 546 3705 mirum
561 3644 713 3725 quantum
735 3637 891 3702 consentit
913 3634 952 3701 de
975 3632 1183 3701 Gaesatorum
1204 3636 1329 3701 nomine
1351 3636 1399 3701 in·

331 3744 537 3834 terpretando
556 3764 626 3808 cum
648 3743 768 3822 (hosio,
791 3743 830 3808 de
850 3743 969 3825 ingenti
991 3743 1224 3830 perturbatione
1247 3747 1280 3807 et
1300 3762 1400 3831 appa-

333 3858 405 3917 ratu
425 3850 636 3916 Romanorum
658 3872 730 3916 cum
751 3849 903 3927 omuibus,
924 3850 965 3914 de
985 3848 1077 3915 Gallo
1100 3854 1132 3914 et
1155 3850 1256 3928 Galla,
1279 3849 1399 3915 Gracco

332 4082 544 4095 untho—*nutu*-

343 4217 347 4223 ,
428 4189 463 4262 f)
481 4189 535 4240 Non
559 4183 685 4240 conciliari
713 4191 814 4253 possunt
836 4202 891 4237 cum
914 4186 1001 4239 ceteris
1025 4185 1167 4237 auctoribus
1190 4202 1255 4253 quac
1278 4186 1400 4255 Polybius

334 4278 365 4329 de
383 4280 470 4343 prunis
485 4276 586 4343 proeliis
602 4277 630 4330 Iu
651 4276 758 4330 Aemilio
773 4278 847 4342 Papo
865 4274 893 4327 O.
912 4274 988 4328 Atilio
1004 4274 1103 4340 Regulo
1122 4290 1183 4327 coss.
1204 4276 1337 4328 commissis
1354 4290 1399 4328 ex-

332 4367 422 4433 posuit,
440 4370 492 4419 tum
509 4381 558 4418 non
575 4366 684 4417 secundo
707 4366 751 4416 sed
774 4368 844 4416 tertio
862 4362 922 4416 belli
940 4380 1004 4415 armo
1021 4364 1146 4415 Romanos
1162 4366 1231 4415 trans
1248 4363 1346 4418 Padum
1364 4364 1400 4415 le·

334 4457 420 4521 gioues
441 4455 542 4507 duxisse
564 4454 645 4506 tradit.
686 4453 718 4504 ab
741 4444 792 4505 solo
816 4454 924 4519 denique
947 4450 1062 4517 Scipione
1081 4449 1183 4503 absente
1202 4451 1324 4504 Marcello
1342 4454 1401 4504 Me·

334 4543 458 4595 diolanum
479 4548 648 4616 expugnatum
672 4558 725 4615 csse
742 4539 809 4593 haud
828 4543 879 4592 scio
898 4556 929 4591 an
949 4538 1105 4607 Scipionibus
1123 4540 1237 4593 fauturus
1256 4544 1400 4597 narrauerit.

334 4637 462 4698 praeterea
474 4635 532 4699 quia
544 4616 577 4683 de
588 4631 663 4683 rebus
673 4630 773 4681 Gallicis
791 4624 980 4697 κεφαλαιωδῶς
1004 4626 1048 4695 (ΙΙ,
1068 4629 1112 4693 14)
1140 4629 1306 4681 tantummodo
1325 4643 1401 4695 agere

335 4720 384 4772 sibi
402 4724 561 4787 proposuerat
578 4718 653 4770 nrnlta
671 4720 814 4784 perstrinxit
832 4723 875 4768 ant
896 4718 981 4769 omisit.
