3417 5567
410 1934 537 2049 Restat
559 1989 595 2051 ut
617 1982 805 2051 disseramus
823 1981 863 2050 de
878 1982 916 2049 iis
938 1983 1127 2063 auctoribus,
1151 2005 1230 2069 quos
1250 1983 1376 2051 Plutar-

301 2086 380 2155 chus
407 2096 534 2176 praeter
559 2089 693 2157 Fabium
720 2090 876 2156 Pictorem
905 2090 1072 2156 consuluit.
1117 2112 1156 2156 ae
1177 2090 1377 2158 secundanos

301 2196 407 2261 fontes
429 2217 530 2281 aeque
552 2217 589 2273 ae
610 2196 793 2280 primarium
807 2195 927 2262 fontem
949 2197 983 2262 in
1004 2203 1140 2284 utraque
1161 2198 1230 2262 uita
1251 2196 1377 2263 eosdem

303 2302 401 2368 fuisse
428 2304 497 2369 ueri
524 2294 715 2368 simillimum
744 2309 800 2371 est.
851 2324 932 2389 quae
959 2324 1036 2368 uero
1058 2324 1098 2369 ex
1119 2304 1158 2369 iis
1180 2302 1378 2370 manaueiint

303 2395 372 2495 ipse
394 2409 580 2476 Plutarchus
603 2414 659 2474 aut
680 2408 857 2477 nominibus
873 2415 1037 2476 auctorum
1055 2410 1207 2496 appositis
1230 2415 1285 2476 aut
1306 2431 1377 2477 uer-

303 2513 368 2580 bis:
397 2513 477 2583 ἔνιοι
499 2519 539 2583 δέ
557 2534 669 2601 φασιν,
693 2514 793 2603 ἕτερον
816 2513 878 2601 μὲν
901 2498 958 2583 οὖν
978 2513 1117 2600 λέγουσι,
1140 2518 1306 2604 ἱστορεῖται
1329 2514 1377 2599 δὲ,

304 2621 457 2687 similibus
490 2621 627 2701 indicare
659 2621 747 2687 solet.
803 2620 926 2686 addidit
956 2627 1062 2687 autem
1093 2620 1186 2687 rebus
1208 2622 1379 2688 seeundum

303 2726 437 2793 Fabium
464 2728 620 2793 Pictorem
647 2726 782 2792 narratis
810 2732 846 2792 ut
874 2728 937 2792 iam
965 2749 1061 2812 supra
1082 2729 1300 2794 annotauimus
1323 2733 1379 2793 eut

304 2834 462 2900 diuersam
489 2834 581 2899 unius
610 2834 656 2899 rei
684 2832 801 2899 famum
823 2836 887 2899 'aut
908 2833 1167 2912 narmtiuneulus,
1190 2834 1302 2919 quibus
1329 2834 1378 2900 in-

304 2941 396 3025 genia
424 2960 462 3005 ae
489 2960 592 3005 mores
614 2939 754 3004 uirorum
782 2938 938 3005 clarorum
958 2938 1165 3019 illustrantur,
1186 2946 1243 3007 aut
1264 2963 1315 3007 res
1337 2941 1378 3006 ad

303 3044 509 3129 antiquitates
538 3064 616 3128 quas
643 3044 769 3129 propris
795 3044 928 3111 dicimus
956 3050 1142 3129 spectantes.
1192 3069 1293 3133 neque
1321 3070 1379 3114 au-

304 3155 406 3215 ctores
432 3170 451 3215 e
480 3149 593 3236 quibus
614 3171 653 3216 ea
673 3150 780 3217 hausit
800 3172 859 3217 nos
880 3151 1026 3235 ignorare
1048 3152 1157 3217 uoluit.
1202 3176 1278 3221 num
1300 3153 1379 3221 duo-

304 3257 364 3323 bus
390 3258 466 3324 loeis
494 3258 610 3323 multos
637 3258 793 3335 nominat3
822 3278 922 3345 comp.
950 3258 1057 3345 Pelop.
1086 3265 1118 3325 et
1138 3257 1235 3325 Mare.
1263 3260 1297 3341 1,
1324 3261 1379 3326 27:

301 3362 441 3449 Ἀννίβαν
455 3360 491 3430 δὲ
513 3362 712 3452 Μάρκελλος,
736 3360 778 3441 οἷς
800 3362 862 3450 μὲν
885 3366 918 3433 οἱ
939 3365 1013 3453 περὶ
1035 3363 1202 3453 Πολύβιον
1222 3369 1378 3451 λέγουσιν,

305 3466 383 3537 οὐδὲ
406 3467 492 3554 ἅπαξ
514 3468 667 3559 ἐνίκησεν,
692 3468 759 3537 ἀλλ’
776 3468 928 3562 ἀήττητος
944 3467 964 3538 ὁ
979 3468 1058 3563 ἀνὴρ
1074 3474 1163 3539 δοκεῖ
1175 3475 1380 3556 διαγενέσθαι

305 3579 401 3660 μέχρι
422 3580 620 3665 Σκηπίωνος.
642 3570 736 3667 ἡμεῖς
763 3573 799 3643 δὲ
821 3581 944 3667 Λιβίῳ,
966 3580 1103 3662 Καίσαρι
1124 3576 1177 3643 καὶ
1199 3581 1331 3645 Νέπωτι
1346 3576 1379 3663 *)
1442 3601 1444 3614 ·

305 3682 358 3749 καὶ
391 3684 452 3748 τῶν
484 3678 674 3774 Ἑλληνικῶν
705 3685 749 3772 τῷ
781 3685 908 3769 βασιλεῖ
934 3680 1025 3773 Ἰόβᾳ
1058 3679 1260 3767 πιστεύομεν,
1287 3680 1380 3773 ἥττας

305 3784 391 3864 τννάς
414 3788 468 3855 καὶ
490 3784 609 3876 τροπὰς
631 3784 695 3855 ὕπὸ
711 3791 906 3877 Μαρκέλλου
921 3791 983 3856 τῶν
997 3785 1056 3856 σῦν
1075 3788 1379 3884 Ἄννίβᾳχγενέσθαι.

304 3891 345 3959 de
375 3894 475 3961 altero
503 3894 573 3959 loeo
603 3894 713 3983 (Mare.
737 3893 842 3981 XXX)
870 3893 935 3961 iam
955 3900 1050 3960 antea
1071 3894 1190 3979 egimus
1212 3899 1309 3980 etque
1330 3895 1379 3961 ui-

411 4269 435 4334 ’λ
454 4268 482 4321 Si
499 4282 560 4321 uere
579 4266 708 4321 Cornelius
726 4268 810 4335 Nepos
827 4270 853 4321 in
870 4270 924 4321 nite
942 4268 1059 4322 Marcell
1077 4270 1112 4321 lte
1129 4270 1276 4320 mutauerat
1292 4269 1380 4321 mirum

305 4362 424 4429 quantum
447 4373 532 4411 seeum
554 4360 683 4425 pugnauit.
720 4374 778 4411 uam
800 4360 826 4411 in
849 4360 903 4412 uita
920 4358 1079 4418 Hannibalis,
1097 4373 1151 4425 cap.
1170 4358 1187 4409 5
1206 4356 1304 4409 uisurus
1320 4371 1379 4410 uer·

304 4448 345 4502 bis
368 4448 438 4500 dicit:
475 4448 611 4513 „quamdiu
635 4450 661 4499 in
683 4446 756 4499 Italia
778 4447 827 4499 fuit
850 4447 1009 4517 (Hannibal),
1031 4463 1103 4499 nemo
1126 4449 1150 4498 ei
1167 4449 1193 4498 in
1211 4449 1267 4499 τοῖο
1283 4448 1379 4505 restitit,

305 4551 377 4589 nemo
400 4536 520 4587 aduersus
542 4550 599 4587 eum
621 4540 677 4603 post
699 4534 855 4589 Cannensem
877 4551 990 4603 pugnam
1011 4538 1037 4587 in
1061 4550 1149 4603 eampo
1171 4539 1252 4587 eastra
1272 4536 1379 4602 pesuit‘·

199 4618 202 4629 '
305 4628 331 4678 et
354 4624 430 4691 paulo
454 4628 511 4691 pust
537 4638 592 4691 cap.
618 4626 652 4679 6:
698 4627 782 4686 „Hine
803 4628 913 4679 innietns
939 4628 1045 4693 patriam
1067 4623 1197 4677 defensum
1217 4628 1375 4677 renonum*

305 4713 351 4766 sed
368 4712 425 4765 talis
441 4714 539 4765 inentis
556 4728 606 4765 non
623 4728 680 4765 turo
699 4716 807 4767 oeenrrlt
823 4716 850 4767 in
867 4714 970 4783 Nepote.
