3417 5567
744 641 963 706 ..26„.

319 849 462 933 scapton·
491 848 629 927 cuidam,
657 870 750 939 quem
777 852 810 919 in
838 851 899 918 hac
924 852 1125 918 historiamm
1149 859 1242 939 parte
1267 856 1389 939 prasoi-

317 979 414 1042 puum
435 961 595 1025 meterem
615 956 727 1024 habuit
748 962 897 1046 atquem
909 958 1087 1043 Appianum
1108 959 1225 1046 (Hann.
1242 961 1388 1048 17-25)

317 1071 351 1131 et
377 1065 535 1131 Zonamm
564 1063 637 1151 (lx,
665 1064 700 1149 1)
727 1069 802 1130 ante
830 1064 938 1130 oculos
963 1064 1109 1131 babuisse
1130 1066 1281 1151 suspicari
1305 1068 1388 1147 licet,

317 1172 391 1258 quia
418 1169 541 1237 etiamsi
568 1190 618 1236 rus
646 1163 805 1254 grauiores
824 1170 1109 1254 praetermittentes
1131 1177 1188 1237 ont
1206 1180 1389 1257 perserian-

317 1280 364 1355 tes
385 1270 531 1343 mirificas
553 1280 660 1343 autem
681 1275 804 1343 fabulas
825 1275 997 1342 adicientes
1016 1276 1142 1361 saepius
1162 1299 1271 1345 ueram
1291 1279 1388 1347 fontis

317 1382 365 1449 sui
391 1381 613 1473 narrationem*
633 1381 889 1465 deprauauenmt
921 1388 1028 1450 mmen
1059 1383 1243 1473 plerumque
1274 1385 1316 1453 de
1349 1388 1419 1460 iis,

317 1508 398 1578 quae
419 1489 528 1557 Liuius
549 1487 641 1556 aliter
660 1494 757 1577 atque
777 1487 925 1574 Polybius
946 1489 1090 1555 narrauit
1107 1510 1179 1556 cum
1200 1492 1292 1559 Innio
1313 1514 1389 1560 con·

239 1589 242 1599 ’
317 1597 464 1661 sentiunt.
507 1596 615 1683 itaque
635 1594 687 1661 bic
715 1600 825 1664 auctor
846 1596 924 1683 quin
944 1595 1061 1661 Fabius
1081 1595 1188 1663 Pictor
1208 1597 1304 1664 fuerit
1324 1619 1388 1674 non

317 1686 447 1768 dubium
468 1700 558 1768 nobis
580 1701 707 1769 uidetur
727 1724 803 1770 esse.
820 1740 865 1754 -
880 1703 928 1771 bis
951 1704 1102 1788 expositis
1122 1704 1166 1771 ad
1186 1705 1389 1773 Plutarchum

317 1810 455 1877 anhuum
482 1815 714 1889 muuernmus„
759 1831 798 1878 ac
824 1830 907 1899 quae
936 1810 1048 1881 Liuius
1073 1810 1237 1896 Polybium
1263 1819 1389 1880 secutos

317 1916 501 2001 explicuisse
528 1916 663 1995 udone,
692 1936 800 1983 eorum
827 1916 905 1987 nihil
927 1916 1011 2001 apud
1032 1916 1235 1985 Plutarchum
1255 1919 1388 1999 moenis,

317 2046 388 2091 cum
409 2024 447 2089 iis
470 2029 672 2112 actamquae
687 2046 705 2089 e
720 2022 819 2090 Fabio
840 2024 947 2107 hausit
968 2024 1166 2091 Limus'sere
1186 2025 1291 2090 omnia
1305 2046 1388 2113 quae

316 2130 443 2197 exhibet
469 2129 656 2196 Plutarchus
683 2130 860 2223 concinunt¹
877 2133 912 2195 et
939 2132 1128 2215 compirant.
1183 2131 1313 2216 dignum
1338 2139 1389 2199 est

316 2240 559 2303 commemoratu
587 2234 789 2302 Plutarchum
811 2235 850 2300 de
872 2255 910 2301 eo
931 2236 1010 2320 ipso
1032 2257 1094 2324 quo
1117 2236 1242 2302 Liuium
1262 2241 1388 2322 praeter

316 2342 480 2428 Polybium
513 2341 649 2407 alterum
679 2342 797 2408 fontem
829 2341 975 2409 habuisse
1009 2342 1175 2420 eoineitur‚
1203 2363 1276 2408 cum
1296 2342 1387 2409 linio

317 2448 491 2516 consentire
516 2447 701 2513 referentem
734 2448 780 2512 ito
807 2467 926 2513 cornua
940 2496 944 2505 .
958 2445 1168 2513 Hmmibalem
1200 2448 1386 2526 extendisse,

315 2564 354 2622 ut
373 2556 418 2621 ab.
436 2561 525 2637 tergo
545 2553 652 2619 hostes
674 2554 971 2619 circumuenireutur
989 2553 1053 2641 (Pl
1075 2554 1159 2631 XVI,
1182 2553 1249 2639 15).
1271 2559 1385 2621 strate·

316 2683 407 2746 goma
428 2679 502 2726 uero
525 2657 718 2735 Hannibalis,
742 2658 827 2746 quod
849 2657 1006 2746 quomodo
1027 2665 1189 2742 peractum
1210 2660 1253 2739 sit
1268 2680 1286 2725 e
1304 2660 1386 2727 Liuii

316 2768 449 2834 obseura
475 2769 507 2829 et
533 2765 683 2848 perplexa
711 2765 890 2831 narratione
918 2785 981 2830 non
1009 2766 1220 2850 cognoscitur,
1249 2767 1387 2833 breuiter

316 2881 350 2941 et
371 2871 504 2939 dilucide
532 2872 628 2940 oculis
656 2871 768 2939 subicit
800 2871 997 2950 Plutarchus,
1026 2877 1064 2937 ut
1089 2872 1215 2950 Liuimn
1240 2874 1306 2938 eius
1328 2896 1385 2939 au-

316 2988 435 3049 ctorem
466 2978 562 3043 fuisse
594 2978 723 3060 cogitaui
756 2978 811 3054 uix
843 2978 952 3061 possit.
1003 2977 1067 3044 iam
1093 2998 1169 3045 uero
1195 2980 1310 3047 mirum
1337 2986 1387 3047 est

317 3086 519 3153 Plutarchum
532 3084 693 3168 puluerem
707 3105 784 3168 prae
800 3084 912 3150 ceteris
929 3081 1108 3150 turbauisse
1120 3085 1278 3151 Romanos
1299 3106 1384 3151 oom-

316 3193 551 3270 memorauisse,
583 3212 654 3256 cum
681 3191 789 3256 Liuius
817 3191 1007 3256 mentionem
1034 3189 1160 3278 quidem
1187 3192 1263 3257 facit
1289 3193 1385 3269 nent,

318 3300 387 3387 sed¹
401 3300 500 3367 multo
528 3298 677 3365 maiorem
700 3303 835 3382 stragem
857 3298 1067 3364 Romanorum
1089 3295 1227 3364 effecisse
1249 3298 1386 3363 mansiu-
1450 3294 1454 3301 “

317 3430 372 3493 gas
399 3404 551 3473 Numidas
579 3406 805 3472 existimauisse
827 3405 960 3473 ludetur.
1005 3406 1112 3494 itaque
1134 3406 1188 3494 qui
1210 3404 1291 3471 Liuii
1312 3424 1386 3471 nar·

317 3515 472 3581 rationem
498 3512 701 3595 excerpsisset
734 3511 838 3603 potius
867 3511 954 3578 illam
980 3511 1122 3578 baudem
1153 3512 1264 3597 opinor
1292 3532 1386 3599 quem

317 3622 382 3686 uim
409 3618 496 3684 uenti
521 3615 774 3701 praedicauisset.
819 3617 1049 3681 eonsentientes
1070 3636 1146 3682 uero
1168 3637 1240 3682 cum
1260 3616 1386 3682 Plutar-

317 3727 375 3793 cho
398 3726 493 3791 etiam
514 3722 676 3807 Appianus
699 3728 731 3787 et
752 3723 889 3789 Zonaras
911 3721 1140 3787 uehementiam
1161 3722 1297 3807 pulueris
1318 3742 1386 3788 ma·

317 3832 390 3897 ioris
417 3831 565 3896 momenti
592 3852 687 3917 quam
715 3835 833 3895 ceteros
862 3828 951 3895 dolos
973 3827 1158 3895 Hannibalis
1181 3851 1259 3918 quos
1281 3830 1385 3918 plures

316 3943 498 4003 enumerant
519 3936 699 4001 aestimasse
722 3936 877 4002 indentur.
921 3936 1042 4002 nullum
1059 3934 1193 4025 denique
1219 3934 1385 4021 uestigium

316 4042 402 4128 apud
433 4042 557 4109 Liuium
589 4043 723 4109 occinuit
754 4041 937 4121 uerborum,
972 4062 1054 4130 quae
1082 4041 1269 4109 Plutarchus
1297 4042 1385 4130 (XV)

316 4148 525 4214 Hannibalem
554 4147 681 4231 Gisgoni
710 4146 865 4213 dicentem
890 4148 976 4213 facit.
1026 4147 1169 4213 uidemus
1194 4148 1291 4230 igitur
1317 4168 1385 4213 esse

317 4254 430 4343 qmbus
452 4274 528 4318 num
549 4253 656 4319 Liuius
678 4254 748 4319 fons
770 4253 930 4318 Plutarchi
951 4253 1062 4319 haberi
1081 4253 1182 4337 possit
1202 4253 1235 4318 in
1256 4252 1386 4319 dubium

316 4365 455 4437 uocetur,
479 4358 555 4424 nihil
578 4380 653 4425 uero
669 4358 793 4425 obstare
809 4354 974 4447 'quominus
995 4355 1128 4424 Fabium
1150 4356 1305 4423 Pictorem
1327 4357 1385 4423 du-

316 4486 383 4530 cem
410 4464 504 4532 fuisse
531 4464 692 4534 Plutarchi
718 4487 881 4549 ponamus.
933 4464 988 4529 sed
1013 4469 1113 4530 restat
1138 4463 1267 4552 insignis
1289 4464 1384 4541 locun,

315 4592 409 4660 qoem
447 4572 622 4659 quaestioni
654 4576 780 4639 nostrae
813 4571 915 4640 lucem
946 4570 1085 4658 aliquam
1114 4570 1283 4636 allaturum
1317 4591 1385 4639 esse

316 4698 483 4762 speramus.
527 4700 600 4743 nam
633 4685 800 4767 postquam
825 4677 1011 4742 Plutarchus
1039 4697 1139 4768 aeque
1161 4698 1200 4742 ac
1220 4676 1329 4743 limus
1351 4666 1384 4741 et
