3417 5567
737 634 957 699 „12-

308 841 461 908 Graecam
482 842 661 923 historiam,
689 847 790 913 emus*
805 866 967 933 nunquam
988 844 1130 909 meminit
1151 842 1269 923 liuim,
1291 842 1385 931 Poly-

305 948 392 1015 bium
417 948 530 1033 legisse
566 971 630 1016 non
658 951 837 1018 adhibuisse
872 957 1005 1037 apparet
1037 971 1079 1016 ex
1109 950 1229 1017 acerbis
1252 950 1384 1029 facetiis,

307 1054 423 1143 quibus
446 1077 518 1121 eum
538 1058 636 1123 irrisit
657 1060 738 1147 (XL,
762 1060 807 1145 6).
852 1081 891 1125 ex
913 1059 1090 1147 aequalium
1104 1057 1238 1146 denique
1259 1058 1385 1125 11011-

306 1162 409 1246 purnii
437 1162 576 1243 Pisonis,
605 1163 702 1231 Gaslii
723 1165 935 1251 Antipatri*),
958 1165 1092 1231 alionum
1119 1164 1299 1242 annalibus,
1328 1166 1384 1254 qui

295 1289 394 1345 num,
424 1274 594 1357 antequam
620 1270 769 1355 Polybius
794 1271 957 1337 hhtoriam
985 1291 1074 1336 1111111
1095 1269 1290 1348 absoluisset,
1312 1271 1384 1335 uul-

306 1375 373 1458 gati
387 1374 451 1440 sint
462 1374 531 1441 'iure
546 1375 718 1455 dubitatur,
740 1375 911 1466 quidquam
931 1382 1108 1443 mutuatum
1132 1396 1199 1441 esse
1220 1370 1384 1461 Polybium

306 1480 377 1569 quis
401 1485 451 1546 est
473 1482 527 1569 qui
548 1482 725 1548 existimet?
746 1483 855 1571 itaque
877 1504 947 1547 cum
960 1481 1052 1547 'solus
1074 1480 1191 1547 Fabius
1213 1480 1320 1547 Pictor
1332 1501 1402 1562 11-ι

306 1585 406 1652 hauns
435 1586 477 1651 sit
504 1607 638 1676 eumque
660 1587 786 1653 Liuium
808 1609 845 1653 ac
866 1587 1030 1672 Polybium
1051 1584 1229 1651 adhibuisse
1251 1590 1384 1663 1111111,

306 1712 371 1758 non
391 1694 538 1759 temerius
560 1715 619 1759 nos
649 1693 806 1761 iudicasse·
829 1698 976 1779 putamus
1004 1693 1040 1772 Q.
1067 1690 1201 1757 Fabium
1228 1693 1383 1759 Pictorem

306 1818 505 1865 communem
526 1821 620 1889 quem
641 1800 820 1889 quaerimus
841 1800 960 1867 iontem
981 1798 1078 1865 fuisse
1099 1802 1281 1863 statuentes.
1326 1819 1382 1864 ne·

306 1924 371 1993 que
392 1904 505 1971 falsam
528 1926 597 1971 esse
617 1904 701 1971 hauc
722 1906 925 1989 suspitionem
944 1904 1057 1987 insigni
1072 1902 1273 1971 mannaan
1292 1904 1384 1969 testi-

306 2011 412 2077 monio
433 2011 532 2096 ipsius
552 2011 644 2078 Iiuii.
688 2032 764 2081 nam
790 2032 914 2096 pugnae
930 2010 1150 2095 ¹descriptione
1177 1994 1321 2075 ah'eoluta
1342 2008 1383 2075 de

307 2137 469 2183 1111111111
497 2139 626 2185 numero
654 2118 810 2183 disserens
836 2117 916 2185 haec
943 2116 1020 2181 dicit
1047 2114 1163 2203 (XXII,
1195 2114 1246 2201 7):
1291 2119 1383 2184 Haec

309 2235 362 2289 eat
382 2221 503 2293 rechitia
525 2230 574 2292 ad
595 2228 857 2292 Trasumennum
877 2244 992 2307 papam
1015 2234 1118 2305 acque
1140 2228 1382 2303 interponens
1422 2222 1425 2226 ’

307 2341 493 2397 memorata
512 2336 632 2413 papuli
654 2336 796 2397 Bouiani
817 2334 942 2397 eludas.
988 2331 1177 2411 qaindecim
1200 2332 1294 2395 milia
1316 2332 1380 2395 lio·

308 2456 482 2503 vannorum
505 2446 541 2504 in
563 2446 639 2505 cote
660 2458 779 2515 caeam
807 2441 922 2503 decem
938 2442 1041 2503 ,melta
1064 2455 1187 2517 sparsa
1211 2438 1298 2514 supa
1317 2454 1382 2515 per

308 2562 435 2609 omnem
460 2546 631 2610 Etruriam
654 2546 802 2611 diuersis
817 2545 995 2609 seneritas
1018 2542 1133 2605 urbem
1153 2546 1293 2621 petiere.
1315 2542 1382 2605 dato

310 2779 521 2789 ·———=-—=

413 2915 438 2982 ⁸)
456 2918 537 2969 Miror
568 2915 636 2983 quod
657 2915 690 2969 H.
709 2915 815 2967 Petems
836 2928 894 2981 pag.
920 2914 1068 2967 accensuit
1096 2910 1208 2964 Gaelium
1225 2906 1382 2977 Antipatrum

309 3018 460 3057 communem
476 3004 588 3073 Polybii,
605 3005 679 3064 Liuii,
697 3003 828 3056 Plutarchi
845 3001 938 3054 iontem
956 3000 1040 3053 fuisse.
1077 3014 1134 3063 nam
1151 2998 1284 3067 Polybium
1303 3016 1332 3051 eo
1350 3014 1383 3051 ne

308 3095 418 3158 punisse
436 3093 535 3161 quidem
557 3097 595 3145 uti
617 3084 711 3159 vcolligi
733 3096 814 3159 potest
835 3109 850 3144 e
868 3091 1007 3157 fragmenta
1030 3088 1118 3149 Gaelii,
1137 3090 1203 3157 quod
1221 3094 1384 3141 seruauerunt

312 3178 399 3233 Gicero
417 3182 449 3233 de
467 3182 594 3244 muare
603 3187 629 3235 et
638 3181 754 3235 Valerius
771 3182 900 3236 Masiniss
918 3180 939 3243 1,
958 3182 983 3240 7,
1002 3179 1026 3233 6.
1045 3194 1076 3231 ac
1095 3176 1222 3231 Ciceronis
1230 3178 1308 3231 uerba
1319 3178 1383 3229 haec

309 3273 378 3320 suut:
397 3267 442 3329 „G
460 3286 521 3323 uero
540 3272 667 3323 Gracchus
683 3270 766 3321 mulh'e
784 3270 857 3329 dixit,
878 3272 907 3320 ut
924 3270 1040 3333 scriptum
1058 3266 1126 3333 apud
1148 3267 1253 3319 eundem
1272 3265 1383 3321 Caelium

310 3362 355 3418 est,
375 3358 423 3410 sibi
446 3361 473 3434 iu
496 3363 586 3418 somnis
608 3362 767 3426 quaesturam
790 3360 883 3425 petenti
906 3357 962 3410 Tib.
988 3355 1089 3408 fratrem
1111 3358 1192 3406 uisum
1215 3370 1270 3405 esse
1292 3354 1384 3415 dicere,
1418 3419 1421 3429 Ι

310 3462 385 3513 quam
402 3446 480 3499 uellet
497 3452 662 3508 cunctaretur,
681 3451 762 3498 tamen
780 3446 866 3497 eodem
885 3445 932 3497 sibi
950 3442 1008 3505 ieta,
1032 3460 1081 3511 quo
1098 3445 1153 3510 ipse
1171 3446 1311 3502 interiisset,
1330 3458 1383 3494 esse

309 3536 470 3603 pereundum.
506 3536 562 3597 hoc,
580 3538 714 3603 antequam
747 3533 959 3599 tribunusplebis
977 3532 1059 3584 lactus
1078 3536 1142 3583 esset
1161 3529 1188 3583 G.
1208 3530 1342 3591 Gracchus,
1360 3534 1386 3581 et

309 3640 337 3679 sc
354 3625 455 3677 audine
482 3624 568 3678 sribit
586 3624 686 3677 Gaehus
714 3627 740 3676 et
767 3624 861 3675 dixisse
888 3622 995 3675 multis.“
1031 3624 1088 3673 item
1114 3618 1229 3675 Valerius
1256 3621 1385 3671 Maximus

310 3719 441 3783 postquam
449 3715 515 3767 idem
523 3715 631 3768 Gracchi
644 3717 765 3768 somnium
782 3715 894 3765 narrauit
911 3712 993 3767 addit:
1012 3708 1130 3771 „Caelius
1142 3711 1223 3783 edam,
1241 3711 1322 3761 certus
1333 3708 1385 3761 m·

309 3819 398 3856 manae
414 3804 531 3855 historiae
548 3806 642 3865 auctor,
660 3818 795 3855 sermonem
822 3801 854 3853 de
884 3817 914 3853 ea
938 3816 966 3853 11
993 3799 1026 3853 ad
1052 3814 1110 3851 suas
1136 3812 1209 3850 aures
1231 3796 1274 3849 illu
1303 3797 1385 3849 adhuc

309 3894 368 3945 uiuo
386 3888 529 3959 peruenisse
546 3892 655 3945 scribit.“
694 3892 782 3959 quodsi
801 3888 901 3957 Gaelius
919 3891 1050 3943 memoriae
1067 3886 1175 3954 prodidit
1193 3886 1241 3937 huc
1259 3888 1387 3945 somnium,

311 3983 382 4034 cuius
400 3980 491 4033 famam
517 3981 644 4049 aliquanto
676 3981 773 4031 demum
801 3982 871 4039 ante,
895 3969 968 4056 quarn
994 3976 1020 4029 G.
1040 3974 1167 4027 Gracchus
1190 3975 1302 4027 tribunus
1321 3974 1387 4041 pleb.

310 4070 393 4123 iactus
411 4075 456 4132 est,
474 4071 614 4131 audiuerat,
640 4073 708 4135 patet
726 4066 829 4120 annales
847 4070 901 4119 eius
918 4064 1042 4133 periectos
1063 4080 1094 4116 ac
1111 4063 1229 4128 uulgatus
1248 4076 1302 4115 esse
1322 4068 1389 4115 certe

311 4174 361 4210 non
376 4158 453 4210 multo
471 4163 529 4210 ante
546 4171 638 4210 aunum
659 4158 719 4219 123,
737 4173 787 4225 qno
805 4157 933 4209 tribunatu
955 4155 1056 4209 iunctus
1080 4158 1118 4207 est
1141 4152 1169 4205 G.
1188 4152 1323 4205 Gracchus.
1360 4168 1389 4205 eo

311 4251 394 4300 autem
415 4252 524 4314 tempore
546 4250 615 4315 quin
628 4247 768 4315 Polybius,
791 4248 835 4314 qui
860 4247 909 4301 123
932 4259 1074 4313 supremum
1092 4242 1158 4295 diem
1177 4240 1245 4299 obiit,
1263 4242 1389 4293 historiam

313 4335 374 4387 belli
395 4335 556 4409 Hannibalici
573 4339 622 4387 iam
641 4335 775 4388 obsoluerit
792 4334 861 4387 nulla
880 4341 917 4385 cst
934 4334 1107 4386 controuersia.
1145 4345 1175 4381 ac
1193 4346 1224 4381 ue
1240 4328 1390 4381 Plutarchus

312 4425 413 4493 quidem
438 4427 536 4478 nouisse
563 4425 664 4477 uidetur
691 4423 770 4475 Gaelii
788 4422 898 4475 annales
935 4438 992 4474 nam
1019 4434 1144 4488 nunquam
1165 4416 1279 4469 Gaelium
1297 4416 1390 4476 laudat,

314 4513 342 4566 G.
361 4513 465 4565 Gracoh.
486 4516 498 4564 1
514 4516 604 4574 autem
621 4512 666 4564 ubi
684 4512 716 4563 de
728 4511 815 4563 eodem
827 4514 920 4563 somnio
938 4513 990 4577 agit
1003 4513 1027 4562 et
1049 4508 1153 4561 eundem
1168 4505 1294 4557 Gicercnis
1310 4504 1391 4558 locum

313 4618 388 4669 quem
410 4600 536 4652 attulimus
558 4604 616 4653 ante
647 4600 731 4652 oculos
754 4614 810 4651 enm
827 4598 945 4652 habuisse
967 4601 995 4650 in
1017 4600 1102 4663 aperto
1128 4598 1172 4655 est,
1196 4593 1290 4645 nullam
1309 4592 1389 4646 Gaelii

313 4691 460 4743 mentionem
477 4688 547 4750 facit,
565 4688 609 4741 sed
629 4687 773 4741 Ciceronem
790 4688 858 4741 illins
877 4689 964 4741 somnii
982 4690 1107 4739 auctorem
1125 4698 1179 4735 esse
1196 4683 1265 4737 dicit.
