<?xml version="1.0" encoding="UTF-8"?>
<!DOCTYPE html PUBLIC "-//W3C//DTD XHTML 1.0 Transitional//EN"
    "http://www.w3.org/TR/xhtml1/DTD/xhtml1-transitional.dtd">
<html xmlns="http://www.w3.org/1999/xhtml" xml:lang="en" lang="en">
 <head>
  <title>
</title>
<meta http-equiv="Content-Type" content="text/html;charset=utf-8" />
  <meta name='ocr-system' content='tesseract 3.04.00' />
  <meta name='ocr-capabilities' content='ocr_page ocr_carea ocr_par ocr_line ocrx_word'/>
</head>
<body>
  <div class='ocr_page' id='page_1' title='image "./quibusfontibusp01buchgoog_0134.png"; bbox 0 0 3417 5567; ppageno 0'>
   <div class='ocr_carea' id='block_1_1' title="bbox 747 644 968 711">
    <p class='ocr_par' dir='ltr' id='par_1_1' title="bbox 747 644 968 711">
     <span class='ocr_line' id='line_1_1' title="bbox 747 644 968 711; baseline -0.009 -14"><span class='ocrx_word' id='word_1_1' title='bbox 747 644 968 711; x_wconf 73' lang='lat'>..40-</span> 
     </span>
    </p>
   </div>
   <div class='ocr_carea' id='block_1_2' title="bbox 320 852 1402 1053">
    <p class='ocr_par' dir='ltr' id='par_1_2' title="bbox 320 852 1402 1053">
     <span class='ocr_line' id='line_1_2' title="bbox 320 852 1399 948; baseline -0.008 -24"><span class='ocrx_word' id='word_1_2' title='bbox 320 856 374 926; x_wconf 63' lang='lat' dir='ltr'><strong>iat</strong></span> <span class='ocrx_word' id='word_1_3' title='bbox 393 853 576 941; x_wconf 67' lang='grc' dir='ltr'><strong><em>ταῦταμὲν</em></strong></span> <span class='ocrx_word' id='word_1_4' title='bbox 596 852 618 924; x_wconf 84' lang='lat' dir='ltr'>d</span> <span class='ocrx_word' id='word_1_5' title='bbox 635 855 756 942; x_wconf 70' lang='grc' dir='ltr'><strong>Λίβιός</strong></span> <span class='ocrx_word' id='word_1_6' title='bbox 776 876 878 948; x_wconf 70' lang='grc' dir='ltr'><strong><em>φησιν</em></strong></span> <span class='ocrx_word' id='word_1_7' title='bbox 896 858 1145 943; x_wconf 67' lang='grc' dir='ltr'><strong>ἀναγνωσθέντα</strong></span> <span class='ocrx_word' id='word_1_8' title='bbox 1164 856 1204 925; x_wconf 69' lang='lat' dir='ltr'><strong>ui</strong></span> <span class='ocrx_word' id='word_1_9' title='bbox 1225 857 1399 947; x_wconf 64' lang='lat' dir='ltr'><strong>ypdppm</strong></span> 
     </span>
     <span class='ocr_line' id='line_1_3' title="bbox 321 960 1402 1053; baseline -0.012 -6"><span class='ocrx_word' id='word_1_10' title='bbox 321 960 365 1053; x_wconf 68' lang='grc' dir='ltr'><strong>νὴ</strong></span> <span class='ocrx_word' id='word_1_11' title='bbox 391 964 449 1052; x_wconf 62' lang='grc' dir='ltr'><strong>τῆς</strong></span> <span class='ocrx_word' id='word_1_12' title='bbox 474 960 582 1052; x_wconf 74' lang='grc' dir='ltr'><strong><em>λύπης</em></strong></span> <span class='ocrx_word' id='word_1_13' title='bbox 606 961 754 1047; x_wconf 64' lang='lat' dir='ltr'><strong>dasian,</strong></span> <span class='ocrx_word' id='word_1_14' title='bbox 784 960 868 1032; x_wconf 74' lang='grc' dir='ltr'><strong><em>ἀλλὰ</em></strong></span> <span class='ocrx_word' id='word_1_15' title='bbox 899 966 943 1052; x_wconf 75' lang='grc' dir='ltr'><strong>τῷ</strong></span> <span class='ocrx_word' id='word_1_16' title='bbox 964 962 1060 1053; x_wconf 74' lang='grc' dir='ltr'><strong><em>φόβῳ</em></strong></span> <span class='ocrx_word' id='word_1_17' title='bbox 1091 970 1303 1052; x_wconf 60' lang='lat' dir='ltr'><strong>medenas,</strong></span> <span class='ocrx_word' id='word_1_18' title='bbox 1334 968 1402 1035; x_wconf 73' lang='grc' dir='ltr'><strong><em>νῶν</em></strong></span> 
     </span>
    </p>
   </div>
   <div class='ocr_carea' id='block_1_3' title="bbox 279 1064 1462 3389">
    <p class='ocr_par' dir='ltr' id='par_1_3' title="bbox 279 1064 1462 3389">
     <span class='ocr_line' id='line_1_4' title="bbox 321 1064 1396 1159; baseline 0.004 -22"><span class='ocrx_word' id='word_1_19' title='bbox 321 1065 488 1152; x_wconf 80' lang='grc' dir='ltr'><strong><em>Ῥωμαίων</em></strong></span> <span class='ocrx_word' id='word_1_20' title='bbox 515 1076 628 1151; x_wconf 62' lang='grc' dir='ltr'><strong><em>μεῖζον</em></strong></span> <span class='ocrx_word' id='word_1_21' title='bbox 652 1064 838 1159; x_wconf 73' lang='grc' dir='ltr'><strong><em>ἤγουμένωυ</em></strong></span> <span class='ocrx_word' id='word_1_22' title='bbox 866 1072 923 1138; x_wconf 72' lang='grc' dir='ltr'><strong>τοῦ</strong></span> <span class='ocrx_word' id='word_1_23' title='bbox 950 1069 1115 1155; x_wconf 59' lang='grc' dir='ltr'><strong><em>γεγονότος</em></strong></span> <span class='ocrx_word' id='word_1_24' title='bbox 1143 1069 1181 1140; x_wconf 84' lang='grc' dir='ltr'><strong>τό</strong></span> <span class='ocrx_word' id='word_1_25' title='bbox 1213 1070 1396 1141; x_wconf 68' lang='grc' dir='ltr'><strong><em>κινδυνευό-</em></strong></span> 
     </span>
     <span class='ocr_line' id='line_1_5' title="bbox 320 1158 1396 1266; baseline 0.006 -26"><span class='ocrx_word' id='word_1_26' title='bbox 320 1197 419 1257; x_wconf 77' lang='grc' dir='ltr'><strong><em>μενον</em></strong></span> <span class='ocrx_word' id='word_1_27' title='bbox 445 1170 509 1260; x_wconf 81' lang='grc' dir='ltr'><strong>ὅσῳ</strong></span> <span class='ocrx_word' id='word_1_28' title='bbox 541 1174 707 1259; x_wconf 77' lang='grc' dir='ltr'><em>Φουλβίου</em></span> <span class='ocrx_word' id='word_1_29' title='bbox 734 1178 881 1261; x_wconf 69' lang='grc' dir='ltr'><strong><em>κρείττων</em></strong></span> <span class='ocrx_word' id='word_1_30' title='bbox 906 1158 947 1266; x_wconf 78' lang='grc' dir='ltr'><strong><em>ἦν</em></strong></span> <span class='ocrx_word' id='word_1_31' title='bbox 973 1174 1174 1264; x_wconf 74' lang='grc' dir='ltr'><strong><em>Μάρκελλος.</em></strong></span> <span class='ocrx_word' id='word_1_32' title='bbox 1219 1182 1318 1265; x_wconf 84' lang='lat' dir='ltr'><strong>atque</strong></span> <span class='ocrx_word' id='word_1_33' title='bbox 1343 1199 1396 1246; x_wconf 82' lang='lat' dir='ltr'><strong>re·</strong></span> 
     </span>
     <span class='ocr_line' id='line_1_6' title="bbox 321 1280 1395 1369; baseline 0.006 -23"><span class='ocrx_word' id='word_1_34' title='bbox 321 1282 424 1369; x_wconf 85' lang='lat' dir='ltr'><strong>spexit</strong></span> <span class='ocrx_word' id='word_1_35' title='bbox 455 1280 641 1349; x_wconf 74' lang='lat' dir='ltr'><strong>Pluamhus</strong></span> <span class='ocrx_word' id='word_1_36' title='bbox 669 1280 711 1349; x_wconf 85' lang='lat' dir='ltr'><strong>ad</strong></span> <span class='ocrx_word' id='word_1_37' title='bbox 729 1281 827 1349; x_wconf 80' lang='lat' dir='ltr'><strong>-Liuii</strong></span> <span class='ocrx_word' id='word_1_38' title='bbox 851 1283 956 1352; x_wconf 80' lang='lat' dir='ltr'><strong>laeum</strong></span> <span class='ocrx_word' id='word_1_39' title='bbox 992 1282 1114 1360; x_wconf 71' lang='lat' dir='ltr'><strong>xxvii</strong></span> <span class='ocrx_word' id='word_1_40' title='bbox 1136 1285 1178 1349; x_wconf 76' lang='lat'><strong>2:</strong></span> <span class='ocrx_word' id='word_1_41' title='bbox 1206 1285 1395 1362; x_wconf 75' lang='lat' dir='ltr'><strong>„Maneellns</strong></span> 
     </span>
     <span class='ocr_line' id='line_1_7' title="bbox 279 1385 1392 1459; baseline 0.004 -4"><span class='ocrx_word' id='word_1_42' title='bbox 279 1408 282 1413; x_wconf 88' lang='lat'>·</span> <span class='ocrx_word' id='word_1_43' title='bbox 321 1388 399 1455; x_wconf 83' lang='lat' dir='ltr'><strong>nihil</strong></span> <span class='ocrx_word' id='word_1_44' title='bbox 425 1385 595 1455; x_wconf 81' lang='lat' dir='ltr'>admodum</span> <span class='ocrx_word' id='word_1_45' title='bbox 616 1392 707 1455; x_wconf 84' lang='lat' dir='ltr'><strong>tanta</strong></span> <span class='ocrx_word' id='word_1_46' title='bbox 729 1386 818 1453; x_wconf 84' lang='lat' dir='ltr'><strong>elada</strong></span> <span class='ocrx_word' id='word_1_47' title='bbox 840 1389 969 1455; x_wconf 86' lang='lat' dir='ltr'><strong>territas</strong></span> <span class='ocrx_word' id='word_1_48' title='bbox 990 1388 1102 1455; x_wconf 87' lang='lat' dir='ltr'><strong>litteris</strong></span> <span class='ocrx_word' id='word_1_49' title='bbox 1124 1389 1258 1456; x_wconf 84' lang='lat' dir='ltr'><strong>Romam</strong></span> <span class='ocrx_word' id='word_1_50' title='bbox 1279 1392 1321 1458; x_wconf 87' lang='lat' dir='ltr'><strong>ad</strong></span> <span class='ocrx_word' id='word_1_51' title='bbox 1343 1412 1392 1459; x_wconf 86' lang='lat' dir='ltr'><strong>se-</strong></span> 
     </span>
     <span class='ocr_line' id='line_1_8' title="bbox 320 1492 1393 1565; baseline 0.003 -3"><span class='ocrx_word' id='word_1_52' title='bbox 320 1500 432 1562; x_wconf 87' lang='lat' dir='ltr'><strong>natum</strong></span> <span class='ocrx_word' id='word_1_53' title='bbox 453 1492 493 1561; x_wconf 89' lang='lat' dir='ltr'><strong>de</strong></span> <span class='ocrx_word' id='word_1_54' title='bbox 507 1492 592 1561; x_wconf 83' lang='lat' dir='ltr'><strong>duce</strong></span> <span class='ocrx_word' id='word_1_55' title='bbox 625 1498 659 1561; x_wconf 85' lang='lat' dir='ltr'><strong>et</strong></span> <span class='ocrx_word' id='word_1_56' title='bbox 688 1495 828 1561; x_wconf 79' lang='lat' dir='ltr'><strong>exercite</strong></span> <span class='ocrx_word' id='word_1_57' title='bbox 848 1495 892 1561; x_wconf 85' lang='lat' dir='ltr'><strong>ad</strong></span> <span class='ocrx_word' id='word_1_58' title='bbox 911 1494 1111 1561; x_wconf 77' lang='lat' dir='ltr'>Herdoneam</span> <span class='ocrx_word' id='word_1_59' title='bbox 1131 1498 1247 1563; x_wconf 86' lang='lat' dir='ltr'><strong>amisse</strong></span> <span class='ocrx_word' id='word_1_60' title='bbox 1268 1498 1393 1565; x_wconf 78' lang='lat' dir='ltr'><strong>sanibit:</strong></span> 
     </span>
     <span class='ocr_line' id='line_1_9' title="bbox 321 1600 1395 1690; baseline 0.005 -22"><span class='ocrx_word' id='word_1_61' title='bbox 321 1606 460 1669; x_wconf 83' lang='lat' dir='ltr'><strong>eetermn</strong></span> <span class='ocrx_word' id='word_1_62' title='bbox 487 1600 621 1668; x_wconf 73' lang='lat' dir='ltr'><strong>eamdem</strong></span> <span class='ocrx_word' id='word_1_63' title='bbox 648 1602 864 1689; x_wconf 71' lang='lat' dir='ltr'><strong>se,.q1d:post</strong></span> <span class='ocrx_word' id='word_1_64' title='bbox 885 1600 1079 1671; x_wconf 77' lang='lat' dir='ltr'><strong>Cannensem</strong></span> <span class='ocrx_word' id='word_1_65' title='bbox 1100 1624 1239 1690; x_wconf 88' lang='lat' dir='ltr'><strong>pugnam</strong></span> <span class='ocrx_word' id='word_1_66' title='bbox 1259 1605 1395 1673; x_wconf 78' lang='lat' dir='ltr'><strong>semaam</strong></span> 
     </span>
     <span class='ocr_line' id='line_1_10' title="bbox 320 1707 1394 1788; baseline 0.006 -14"><span class='ocrx_word' id='word_1_67' title='bbox 320 1708 452 1775; x_wconf 72' lang='lat' dir='ltr'><strong>niatefia</strong></span> <span class='ocrx_word' id='word_1_68' title='bbox 466 1707 677 1775; x_wconf 86' lang='lat' dir='ltr'><strong>Hannibalem</strong></span> <span class='ocrx_word' id='word_1_69' title='bbox 692 1708 895 1786; x_wconf 87' lang='lat' dir='ltr'><strong>eontndisset,</strong></span> <span class='ocrx_word' id='word_1_70' title='bbox 918 1710 964 1775; x_wconf 82' lang='lat' dir='ltr'><strong>ira</strong></span> <span class='ocrx_word' id='word_1_71' title='bbox 978 1708 1131 1775; x_wconf 79' lang='lat' dir='ltr'><strong>adsensus</strong></span> <span class='ocrx_word' id='word_1_72' title='bbox 1161 1732 1244 1788; x_wconf 86' lang='lat' dir='ltr'><strong>eum,</strong></span> <span class='ocrx_word' id='word_1_73' title='bbox 1266 1712 1394 1781; x_wconf 86' lang='lat' dir='ltr'><strong>breuem</strong></span> 
     </span>
     <span class='ocr_line' id='line_1_11' title="bbox 319 1813 1394 1901; baseline 0.003 -20"><span class='ocrx_word' id='word_1_74' title='bbox 319 1813 367 1881; x_wconf 87' lang='lat' dir='ltr'><strong>illi</strong></span> <span class='ocrx_word' id='word_1_75' title='bbox 387 1813 552 1891; x_wconf 74' lang='lat' dir='ltr'><strong>laetitiam,</strong></span> <span class='ocrx_word' id='word_1_76' title='bbox 574 1834 638 1901; x_wconf 87' lang='lat' dir='ltr'><strong>qua</strong></span> <span class='ocrx_word' id='word_1_77' title='bbox 668 1814 814 1893; x_wconf 83' lang='lat' dir='ltr'><strong>exsultet,</strong></span> <span class='ocrx_word' id='word_1_78' title='bbox 842 1816 1007 1881; x_wconf 83' lang='lat' dir='ltr'><strong>faatnrmn</strong></span> <span class='ocrx_word' id='word_1_79' title='bbox 1058 1828 1093 1881; x_wconf 82' lang='lat' dir='ltr'><strong>et</strong></span> <span class='ocrx_word' id='word_1_80' title='bbox 1113 1820 1239 1883; x_wconf 79' lang='lat' dir='ltr'><strong>Romae</strong></span> <span class='ocrx_word' id='word_1_81' title='bbox 1261 1823 1394 1900; x_wconf 74' lang='lat' dir='ltr'><strong>paidom</strong></span> 
     </span>
     <span class='ocr_line' id='line_1_12' title="bbox 322 1926 1462 2004; baseline 0.004 -16"><span class='ocrx_word' id='word_1_82' title='bbox 322 1928 396 1988; x_wconf 78' lang='lat' dir='ltr'><strong>enm</strong></span> <span class='ocrx_word' id='word_1_83' title='bbox 420 1926 672 2000; x_wconf 67' lang='lat' dir='ltr'><strong>luctas-macne</strong></span> <span class='ocrx_word' id='word_1_84' title='bbox 696 1943 744 1987; x_wconf 76' lang='lat' dir='ltr'><strong>ea·</strong></span> <span class='ocrx_word' id='word_1_85' title='bbox 761 1929 1037 2003; x_wconf 68' lang='lat' dir='ltr'><strong>praeteruolans</strong></span> <span class='ocrx_word' id='word_1_86' title='bbox 1060 1929 1161 1987; x_wconf 75' lang='lat' dir='ltr'><strong>timor</strong></span> <span class='ocrx_word' id='word_1_87' title='bbox 1182 1931 1218 1989; x_wconf 74' lang='lat' dir='ltr'><strong>in</strong></span> <span class='ocrx_word' id='word_1_88' title='bbox 1237 1929 1393 2004; x_wconf 73' lang='lat' dir='ltr'><strong>facturam</strong></span> <span class='ocrx_word' id='word_1_89' title='bbox 1458 1992 1462 2000; x_wconf 79' lang='grc'><strong>,</strong></span> 
     </span>
     <span class='ocr_line' id='line_1_13' title="bbox 322 2022 1393 2117; baseline 0.004 -24"><span class='ocrx_word' id='word_1_90' title='bbox 322 2036 427 2095; x_wconf 84' lang='lat' dir='ltr'><strong>erat.“</strong></span> <span class='ocrx_word' id='word_1_91' title='bbox 457 2024 546 2091; x_wconf 89' lang='lat' dir='ltr'><strong>uides</strong></span> <span class='ocrx_word' id='word_1_92' title='bbox 567 2047 680 2113; x_wconf 75' lang='lat' dir='ltr'><strong>panum</strong></span> <span class='ocrx_word' id='word_1_93' title='bbox 695 2032 839 2093; x_wconf 79' lang='lat' dir='ltr'><strong>aoesmate</strong></span> <span class='ocrx_word' id='word_1_94' title='bbox 861 2026 1065 2094; x_wconf 75' lang='lat' dir='ltr'><strong>Plintarahnm</strong></span> <span class='ocrx_word' id='word_1_95' title='bbox 1088 2022 1280 2095; x_wconf 75' lang='lat' dir='ltr'><strong>sententiani</strong></span> <span class='ocrx_word' id='word_1_96' title='bbox 1297 2051 1393 2117; x_wconf 88' lang='lat' dir='ltr'><strong>qnam</strong></span> 
     </span>
     <span class='ocr_line' id='line_1_14' title="bbox 321 2131 1393 2220; baseline 0 -19"><span class='ocrx_word' id='word_1_97' title='bbox 321 2131 450 2201; x_wconf 80' lang='lat' dir='ltr'><strong>exhibet</strong></span> <span class='ocrx_word' id='word_1_98' title='bbox 469 2131 585 2199; x_wconf 27' lang='lat' dir='ltr'><strong>&#39;Liuius</strong></span> <span class='ocrx_word' id='word_1_99' title='bbox 612 2132 800 2220; x_wconf 74' lang='lat' dir='ltr'><strong>expressisse</strong></span> <span class='ocrx_word' id='word_1_100' title='bbox 826 2138 922 2220; x_wconf 84' lang='lat' dir='ltr'><strong>atque</strong></span> <span class='ocrx_word' id='word_1_101' title='bbox 949 2134 1069 2199; x_wconf 87' lang='lat' dir='ltr'><strong>timoris</strong></span> <span class='ocrx_word' id='word_1_102' title='bbox 1097 2154 1226 2200; x_wconf 83' lang='lat' dir='ltr'><strong>eausam</strong></span> <span class='ocrx_word' id='word_1_103' title='bbox 1256 2136 1319 2199; x_wconf 85' lang='lat' dir='ltr'><strong>ita</strong></span> <span class='ocrx_word' id='word_1_104' title='bbox 1336 2156 1393 2202; x_wconf 87' lang='lat' dir='ltr'><strong>an·</strong></span> 
     </span>
     <span class='ocr_line' id='line_1_15' title="bbox 321 2238 1393 2327; baseline 0.003 -21"><span class='ocrx_word' id='word_1_105' title='bbox 321 2239 474 2316; x_wconf 76' lang='lat' dir='ltr'><strong>nexsdssa</strong></span> <span class='ocrx_word' id='word_1_106' title='bbox 496 2243 533 2305; x_wconf 91' lang='lat' dir='ltr'><strong>nt</strong></span> <span class='ocrx_word' id='word_1_107' title='bbox 549 2238 633 2305; x_wconf 87' lang='lat' dir='ltr'><strong>Liuii</strong></span> <span class='ocrx_word' id='word_1_108' title='bbox 644 2259 713 2305; x_wconf 89' lang='lat' dir='ltr'><strong>esse</strong></span> <span class='ocrx_word' id='word_1_109' title='bbox 723 2238 879 2316; x_wconf 84' lang='lat' dir='ltr'><strong>uideatni,</strong></span> <span class='ocrx_word' id='word_1_110' title='bbox 896 2259 1087 2326; x_wconf 86' lang='lat' dir='ltr'><strong>quamquam</strong></span> <span class='ocrx_word' id='word_1_111' title='bbox 1094 2239 1216 2305; x_wconf 87' lang='lat' dir='ltr'><strong>nnllnm</strong></span> <span class='ocrx_word' id='word_1_112' title='bbox 1227 2241 1294 2307; x_wconf 74' lang='lat' dir='ltr'><strong>aisn</strong></span> <span class='ocrx_word' id='word_1_113' title='bbox 1309 2240 1393 2327; x_wconf 86' lang='lat' dir='ltr'><strong>apnd</strong></span> 
     </span>
     <span class='ocr_line' id='line_1_16' title="bbox 321 2344 1393 2428; baseline 0.001 -16"><span class='ocrx_word' id='word_1_114' title='bbox 321 2346 454 2413; x_wconf 76' lang='lat' dir='ltr'><strong>Litium.</strong></span> <span class='ocrx_word' id='word_1_115' title='bbox 474 2350 523 2411; x_wconf 90' lang='lat' dir='ltr'><strong>est</strong></span> <span class='ocrx_word' id='word_1_116' title='bbox 544 2346 722 2428; x_wconf 83' lang='lat' dir='ltr'><strong>uestigium.</strong></span> <span class='ocrx_word' id='word_1_117' title='bbox 750 2345 807 2411; x_wconf 89' lang='lat' dir='ltr'><strong>tali</strong></span> <span class='ocrx_word' id='word_1_118' title='bbox 828 2344 950 2411; x_wconf 76' lang='lat' dir='ltr'><strong>inaniis</strong></span> <span class='ocrx_word' id='word_1_119' title='bbox 972 2364 1046 2411; x_wconf 89' lang='lat' dir='ltr'><strong>enm</strong></span> <span class='ocrx_word' id='word_1_120' title='bbox 1066 2366 1159 2411; x_wconf 86' lang='lat' dir='ltr'><strong>usam</strong></span> <span class='ocrx_word' id='word_1_121' title='bbox 1178 2367 1246 2413; x_wconf 90' lang='lat' dir='ltr'><strong>esse</strong></span> <span class='ocrx_word' id='word_1_122' title='bbox 1267 2348 1301 2413; x_wconf 92' lang='lat' dir='ltr'><strong>in</strong></span> <span class='ocrx_word' id='word_1_123' title='bbox 1321 2346 1393 2413; x_wconf 86' lang='lat' dir='ltr'><strong>red-</strong></span> 
     </span>
     <span class='ocr_line' id='line_1_17' title="bbox 321 2450 1393 2535; baseline 0.004 -16"><span class='ocrx_word' id='word_1_124' title='bbox 321 2452 431 2519; x_wconf 85' lang='lat' dir='ltr'><strong>dendis</strong></span> <span class='ocrx_word' id='word_1_125' title='bbox 461 2452 595 2519; x_wconf 80' lang='lat' dir='ltr'><strong>alienam</strong></span> <span class='ocrx_word' id='word_1_126' title='bbox 627 2458 791 2517; x_wconf 83' lang='lat' dir='ltr'><strong>austerum</strong></span> <span class='ocrx_word' id='word_1_127' title='bbox 822 2450 900 2517; x_wconf 80' lang='lat' dir='ltr'><strong>loeis</strong></span> <span class='ocrx_word' id='word_1_128' title='bbox 928 2451 987 2518; x_wconf 73' lang='lat' dir='ltr'><strong>‚nbi</strong></span> <span class='ocrx_word' id='word_1_129' title='bbox 1019 2450 1063 2518; x_wconf 90' lang='lat' dir='ltr'><strong>ad</strong></span> <span class='ocrx_word' id='word_1_130' title='bbox 1093 2451 1178 2535; x_wconf 82' lang='lat' dir='ltr'><strong>ipses</strong></span> <span class='ocrx_word' id='word_1_131' title='bbox 1209 2453 1393 2523; x_wconf 86' lang='lat' dir='ltr'><strong>nominatim</strong></span> 
     </span>
     <span class='ocr_line' id='line_1_18' title="bbox 321 2557 1394 2644; baseline 0.002 -21"><span class='ocrx_word' id='word_1_132' title='bbox 321 2563 473 2644; x_wconf 68' lang='lat' dir='ltr'><strong>mannent</strong></span> <span class='ocrx_word' id='word_1_133' title='bbox 499 2558 614 2625; x_wconf 70' lang='lat' dir='ltr'><strong>mnsam</strong></span> <span class='ocrx_word' id='word_1_134' title='bbox 641 2564 697 2623; x_wconf 89' lang='lat' dir='ltr'><strong>est.</strong></span> <span class='ocrx_word' id='word_1_135' title='bbox 749 2558 844 2623; x_wconf 85' lang='lat' dir='ltr'><strong>etiam</strong></span> <span class='ocrx_word' id='word_1_136' title='bbox 872 2557 973 2639; x_wconf 83' lang='lat' dir='ltr'><strong>magis</strong></span> <span class='ocrx_word' id='word_1_137' title='bbox 1000 2562 1107 2625; x_wconf 86' lang='lat' dir='ltr'><strong>autem</strong></span> <span class='ocrx_word' id='word_1_138' title='bbox 1134 2563 1182 2623; x_wconf 88' lang='lat' dir='ltr'><strong>est</strong></span> <span class='ocrx_word' id='word_1_139' title='bbox 1203 2560 1394 2627; x_wconf 76' lang='lat' dir='ltr'><strong>minimest</strong></span> 
     </span>
     <span class='ocr_line' id='line_1_19' title="bbox 322 2663 1394 2751; baseline 0.002 -20"><span class='ocrx_word' id='word_1_140' title='bbox 322 2666 453 2751; x_wconf 74' lang='lat' dir='ltr'><strong>cogitati</strong></span> <span class='ocrx_word' id='word_1_141' title='bbox 482 2666 537 2731; x_wconf 84' lang='lat' dir='ltr'><strong>nix</strong></span> <span class='ocrx_word' id='word_1_142' title='bbox 569 2669 674 2747; x_wconf 84' lang='lat' dir='ltr'><strong>petest</strong></span> <span class='ocrx_word' id='word_1_143' title='bbox 705 2684 777 2731; x_wconf 92' lang='lat' dir='ltr'><strong>eum</strong></span> <span class='ocrx_word' id='word_1_144' title='bbox 805 2668 948 2731; x_wconf 81' lang='lat' dir='ltr'><strong>nestrnm</strong></span> <span class='ocrx_word' id='word_1_145' title='bbox 976 2663 1081 2729; x_wconf 84' lang='lat' dir='ltr'><strong>locum</strong></span> <span class='ocrx_word' id='word_1_146' title='bbox 1108 2669 1176 2732; x_wconf 87' lang='lat' dir='ltr'><strong>tam</strong></span> <span class='ocrx_word' id='word_1_147' title='bbox 1196 2664 1394 2747; x_wconf 77' lang='lat' dir='ltr'><strong>neglegenter</strong></span> 
     </span>
     <span class='ocr_line' id='line_1_20' title="bbox 321 2770 1392 2856; baseline -0.003 -16"><span class='ocrx_word' id='word_1_148' title='bbox 321 2772 504 2849; x_wconf 76' lang='lat' dir='ltr'><strong>reddidisse,</strong></span> <span class='ocrx_word' id='word_1_149' title='bbox 526 2771 554 2837; x_wconf 86' lang='lat' dir='ltr'><strong>si</strong></span> <span class='ocrx_word' id='word_1_150' title='bbox 574 2770 699 2837; x_wconf 88' lang='lat' dir='ltr'><strong>Liuium</strong></span> <span class='ocrx_word' id='word_1_151' title='bbox 719 2771 753 2835; x_wconf 89' lang='lat' dir='ltr'><strong>in</strong></span> <span class='ocrx_word' id='word_1_152' title='bbox 775 2776 844 2837; x_wconf 83' lang='lat' dir='ltr'><strong>tnta</strong></span> <span class='ocrx_word' id='word_1_153' title='bbox 863 2790 970 2836; x_wconf 84' lang='lat' dir='ltr'><strong>rerum</strong></span> <span class='ocrx_word' id='word_1_154' title='bbox 991 2770 1170 2837; x_wconf 77' lang='lat' dir='ltr'><strong>narratione</strong></span> <span class='ocrx_word' id='word_1_155' title='bbox 1190 2771 1392 2856; x_wconf 76' lang='lat' dir='ltr'><strong>psaeeipunm</strong></span> 
     </span>
     <span class='ocr_line' id='line_1_21' title="bbox 322 2876 1392 2962; baseline -0.001 -14"><span class='ocrx_word' id='word_1_156' title='bbox 322 2886 481 2949; x_wconf 86' lang='lat' dir='ltr'><strong>anatorem</strong></span> <span class='ocrx_word' id='word_1_157' title='bbox 506 2877 668 2945; x_wconf 80' lang='lat' dir='ltr'><strong>habuisset</strong></span> <span class='ocrx_word' id='word_1_158' title='bbox 695 2898 733 2943; x_wconf 82' lang='lat' dir='ltr'><strong>aa</strong></span> <span class='ocrx_word' id='word_1_159' title='bbox 759 2876 953 2962; x_wconf 84' lang='lat' dir='ltr'><strong>pedetentim</strong></span> <span class='ocrx_word' id='word_1_160' title='bbox 984 2881 1018 2941; x_wconf 89' lang='lat' dir='ltr'><strong>et</strong></span> <span class='ocrx_word' id='word_1_161' title='bbox 1049 2882 1116 2948; x_wconf 88' lang='lat' dir='ltr'><strong>tam</strong></span> <span class='ocrx_word' id='word_1_162' title='bbox 1137 2884 1283 2944; x_wconf 81' lang='lat' dir='ltr'><strong>assumta</strong></span> <span class='ocrx_word' id='word_1_163' title='bbox 1303 2899 1392 2947; x_wconf 71' lang='lat' dir='ltr'><strong>seen</strong></span> 
     </span>
     <span class='ocr_line' id='line_1_22' title="bbox 321 2984 1393 3055; baseline -0.001 0"><span class='ocrx_word' id='word_1_164' title='bbox 321 2996 373 3055; x_wconf 88' lang='lat' dir='ltr'><strong>tus</strong></span> <span class='ocrx_word' id='word_1_165' title='bbox 401 2992 492 3053; x_wconf 88' lang='lat' dir='ltr'><strong>esset.</strong></span> <span class='ocrx_word' id='word_1_166' title='bbox 540 2984 642 3051; x_wconf 87' lang='lat' dir='ltr'><strong>multo</strong></span> <span class='ocrx_word' id='word_1_167' title='bbox 670 3006 747 3051; x_wconf 90' lang='lat' dir='ltr'><strong>sane</strong></span> <span class='ocrx_word' id='word_1_168' title='bbox 768 2985 836 3051; x_wconf 88' lang='lat' dir='ltr'><strong>uari</strong></span> <span class='ocrx_word' id='word_1_169' title='bbox 858 2984 988 3053; x_wconf 83' lang='lat' dir='ltr'><strong>similius</strong></span> <span class='ocrx_word' id='word_1_170' title='bbox 1012 2988 1062 3049; x_wconf 87' lang='lat' dir='ltr'><strong>est</strong></span> <span class='ocrx_word' id='word_1_171' title='bbox 1080 2984 1286 3051; x_wconf 81' lang='lat' dir='ltr'><strong>Plutamhnm</strong></span> <span class='ocrx_word' id='word_1_172' title='bbox 1305 2985 1393 3054; x_wconf 80' lang='lat' dir='ltr'><strong>illam</strong></span> 
     </span>
     <span class='ocr_line' id='line_1_23' title="bbox 322 3084 1393 3168; baseline -0.005 -5"><span class='ocrx_word' id='word_1_173' title='bbox 322 3095 405 3163; x_wconf 87' lang='lat' dir='ltr'><strong>liuii</strong></span> <span class='ocrx_word' id='word_1_174' title='bbox 437 3092 625 3159; x_wconf 84' lang='lat' dir='ltr'><strong>sententiam</strong></span> <span class='ocrx_word' id='word_1_175' title='bbox 657 3111 695 3158; x_wconf 86' lang='lat' dir='ltr'><strong>ex</strong></span> <span class='ocrx_word' id='word_1_176' title='bbox 727 3092 878 3157; x_wconf 75' lang='lat' dir='ltr'><strong>mamona</strong></span> <span class='ocrx_word' id='word_1_177' title='bbox 910 3090 1070 3168; x_wconf 68' lang='lat' dir='ltr'><strong>eadee,</strong></span> <span class='ocrx_word' id='word_1_178' title='bbox 1103 3084 1184 3157; x_wconf 81' lang='lat' dir='ltr'><strong>sient</strong></span> <span class='ocrx_word' id='word_1_179' title='bbox 1206 3096 1300 3158; x_wconf 85' lang='lat' dir='ltr'><strong>antea</strong></span> <span class='ocrx_word' id='word_1_180' title='bbox 1321 3111 1393 3158; x_wconf 91' lang='lat' dir='ltr'><strong>enm</strong></span> 
     </span>
     <span class='ocr_line' id='line_1_24' title="bbox 322 3198 1395 3284; baseline 0 -17"><span class='ocrx_word' id='word_1_181' title='bbox 322 3200 422 3267; x_wconf 85' lang='lat' dir='ltr'><strong>simile</strong></span> <span class='ocrx_word' id='word_1_182' title='bbox 455 3198 603 3264; x_wconf 75' lang='lat' dir='ltr'><strong>indidem</strong></span> <span class='ocrx_word' id='word_1_183' title='bbox 635 3199 717 3264; x_wconf 84' lang='lat' dir='ltr'><strong>Liuii</strong></span> <span class='ocrx_word' id='word_1_184' title='bbox 750 3220 814 3267; x_wconf 89' lang='lat' dir='ltr'><strong>non</strong></span> <span class='ocrx_word' id='word_1_185' title='bbox 846 3199 950 3265; x_wconf 84' lang='lat' dir='ltr'><strong>minus</strong></span> <span class='ocrx_word' id='word_1_186' title='bbox 986 3199 1185 3284; x_wconf 81' lang='lat' dir='ltr'><strong>neglegenter</strong></span> <span class='ocrx_word' id='word_1_187' title='bbox 1221 3200 1395 3267; x_wconf 78' lang='lat' dir='ltr'><strong>sanationi</strong></span> 
     </span>
     <span class='ocr_line' id='line_1_25' title="bbox 323 3303 1393 3389; baseline -0.003 -15"><span class='ocrx_word' id='word_1_188' title='bbox 323 3328 398 3374; x_wconf 87' lang='lat' dir='ltr'><strong>snae</strong></span> <span class='ocrx_word' id='word_1_189' title='bbox 432 3305 582 3371; x_wconf 85' lang='lat' dir='ltr'><strong>adiecisse</strong></span> <span class='ocrx_word' id='word_1_190' title='bbox 615 3306 765 3373; x_wconf 83' lang='lat' dir='ltr'><strong>euieimns</strong></span> <span class='ocrx_word' id='word_1_191' title='bbox 797 3310 829 3370; x_wconf 88' lang='lat' dir='ltr'><strong>et</strong></span> <span class='ocrx_word' id='word_1_192' title='bbox 862 3325 936 3370; x_wconf 87' lang='lat' dir='ltr'><strong>mox</strong></span> <span class='ocrx_word' id='word_1_193' title='bbox 962 3325 1035 3370; x_wconf 89' lang='lat' dir='ltr'><strong>amn</strong></span> <span class='ocrx_word' id='word_1_194' title='bbox 1056 3304 1126 3389; x_wconf 87' lang='lat' dir='ltr'><strong>ipso</strong></span> <span class='ocrx_word' id='word_1_195' title='bbox 1148 3303 1238 3372; x_wconf 84' lang='lat' dir='ltr'><strong>Liuio</strong></span> <span class='ocrx_word' id='word_1_196' title='bbox 1259 3326 1325 3371; x_wconf 91' lang='lat' dir='ltr'><strong>non</strong></span> <span class='ocrx_word' id='word_1_197' title='bbox 1345 3306 1393 3371; x_wconf 91' lang='lat' dir='ltr'><strong>in-</strong></span> 
     </span>
    </p>
   </div>
   <div class='ocr_carea' id='block_1_4' title="bbox 323 3409 1565 3499">
    <p class='ocr_par' dir='ltr' id='par_1_4' title="bbox 323 3409 1565 3499">
     <span class='ocr_line' id='line_1_26' title="bbox 323 3409 1565 3499; baseline -0.004 -18"><span class='ocrx_word' id='word_1_198' title='bbox 323 3420 430 3499; x_wconf 83' lang='lat' dir='ltr'><strong>specto</strong></span> <span class='ocrx_word' id='word_1_199' title='bbox 458 3415 490 3479; x_wconf 92' lang='lat' dir='ltr'><strong>in</strong></span> <span class='ocrx_word' id='word_1_200' title='bbox 518 3434 655 3480; x_wconf 79' lang='lat' dir='ltr'><strong>errorem</strong></span> <span class='ocrx_word' id='word_1_201' title='bbox 683 3414 737 3496; x_wconf 91' lang='lat' dir='ltr'><strong>qni</strong></span> <span class='ocrx_word' id='word_1_202' title='bbox 760 3412 902 3478; x_wconf 65' lang='lat' dir='ltr'><strong>massari</strong></span> <span class='ocrx_word' id='word_1_203' title='bbox 924 3434 988 3477; x_wconf 88' lang='lat' dir='ltr'><strong>non</strong></span> <span class='ocrx_word' id='word_1_204' title='bbox 1010 3418 1115 3495; x_wconf 86' lang='lat' dir='ltr'><strong>petest</strong></span> <span class='ocrx_word' id='word_1_205' title='bbox 1136 3412 1283 3478; x_wconf 82' lang='lat' dir='ltr'><strong>incidisse</strong></span> <span class='ocrx_word' id='word_1_206' title='bbox 1305 3411 1393 3479; x_wconf 87' lang='lat' dir='ltr'><strong>nide-</strong></span> <span class='ocrx_word' id='word_1_207' title='bbox 1498 3449 1502 3464; x_wconf 90' lang='lat'><strong>·</strong></span> <span class='ocrx_word' id='word_1_208' title='bbox 1559 3409 1565 3462; x_wconf 75' lang='lat' dir='ltr'><strong>i</strong></span> 
     </span>
    </p>
   </div>
   <div class='ocr_carea' id='block_1_5' title="bbox 323 3519 1457 4769">
    <p class='ocr_par' dir='ltr' id='par_1_5' title="bbox 323 3519 1457 4769">
     <span class='ocr_line' id='line_1_27' title="bbox 323 3519 1393 3607; baseline -0.003 -19"><span class='ocrx_word' id='word_1_209' title='bbox 323 3521 426 3588; x_wconf 88' lang='lat' dir='ltr'><strong>bimus</strong></span> <span class='ocrx_word' id='word_1_210' title='bbox 454 3522 566 3607; x_wconf 80' lang='lat' dir='ltr'>(XXX,</span> <span class='ocrx_word' id='word_1_211' title='bbox 595 3520 663 3603; x_wconf 82' lang='lat'><strong>20).</strong></span> <span class='ocrx_word' id='word_1_212' title='bbox 707 3520 754 3584; x_wconf 84' lang='lat' dir='ltr'><strong>ita</strong></span> <span class='ocrx_word' id='word_1_213' title='bbox 775 3524 882 3583; x_wconf 87' lang='lat' dir='ltr'><strong>antem</strong></span> <span class='ocrx_word' id='word_1_214' title='bbox 904 3519 931 3584; x_wconf 90' lang='lat' dir='ltr'><strong>si</strong></span> <span class='ocrx_word' id='word_1_215' title='bbox 953 3519 1129 3596; x_wconf 87' lang='lat' dir='ltr'><strong>statuimus,</strong></span> <span class='ocrx_word' id='word_1_216' title='bbox 1152 3525 1393 3585; x_wconf 83' lang='lat' dir='ltr'><strong>consentaneum</strong></span> 
     </span>
     <span class='ocr_line' id='line_1_28' title="bbox 323 3625 1457 3693; baseline -0.001 0"><span class='ocrx_word' id='word_1_217' title='bbox 323 3634 372 3693; x_wconf 91' lang='lat' dir='ltr'><strong>est</strong></span> <span class='ocrx_word' id='word_1_218' title='bbox 398 3632 571 3693; x_wconf 83' lang='lat' dir='ltr'><strong>eeterannn</strong></span> <span class='ocrx_word' id='word_1_219' title='bbox 597 3647 703 3693; x_wconf 72' lang='lat' dir='ltr'><strong>samm</strong></span> <span class='ocrx_word' id='word_1_220' title='bbox 729 3632 928 3693; x_wconf 78' lang='lat' dir='ltr'><strong>namatamm</strong></span> <span class='ocrx_word' id='word_1_221' title='bbox 954 3626 1074 3691; x_wconf 84' lang='lat' dir='ltr'><strong>iontem</strong></span> <span class='ocrx_word' id='word_1_222' title='bbox 1101 3648 1164 3693; x_wconf 91' lang='lat' dir='ltr'><strong>non</strong></span> <span class='ocrx_word' id='word_1_223' title='bbox 1191 3626 1317 3692; x_wconf 72' lang='lat' dir='ltr'><strong>Lindum</strong></span> <span class='ocrx_word' id='word_1_224' title='bbox 1338 3625 1395 3692; x_wconf 88' lang='lat' dir='ltr'><strong>sed</strong></span> <span class='ocrx_word' id='word_1_225' title='bbox 1453 3646 1457 3653; x_wconf 86' lang='lat'><em>·</em></span> 
     </span>
     <span class='ocr_line' id='line_1_29' title="bbox 324 3732 1394 3817; baseline -0.002 -18"><span class='ocrx_word' id='word_1_226' title='bbox 324 3734 421 3799; x_wconf 87' lang='lat' dir='ltr'><strong>alium</strong></span> <span class='ocrx_word' id='word_1_227' title='bbox 434 3734 715 3799; x_wconf 82' lang='lat' dir='ltr'><strong>auetnremfuisse.</strong></span> <span class='ocrx_word' id='word_1_228' title='bbox 739 3732 957 3798; x_wconf 89' lang='lat' dir='ltr'><strong>similitudines</strong></span> <span class='ocrx_word' id='word_1_229' title='bbox 966 3754 1042 3798; x_wconf 88' lang='lat' dir='ltr'><strong>nero</strong></span> <span class='ocrx_word' id='word_1_230' title='bbox 1063 3754 1145 3817; x_wconf 88' lang='lat' dir='ltr'><strong>qnae</strong></span> <span class='ocrx_word' id='word_1_231' title='bbox 1166 3733 1249 3797; x_wconf 87' lang='lat' dir='ltr'><strong>inter</strong></span> <span class='ocrx_word' id='word_1_232' title='bbox 1269 3732 1394 3797; x_wconf 86' lang='lat' dir='ltr'><strong>linium</strong></span> 
     </span>
     <span class='ocr_line' id='line_1_30' title="bbox 324 3838 1393 3921; baseline 0.001 -17"><span class='ocrx_word' id='word_1_233' title='bbox 324 3845 358 3904; x_wconf 89' lang='lat' dir='ltr'><strong>at</strong></span> <span class='ocrx_word' id='word_1_234' title='bbox 388 3839 592 3904; x_wconf 85' lang='lat' dir='ltr'><strong>Plutarehnm</strong></span> <span class='ocrx_word' id='word_1_235' title='bbox 623 3839 820 3905; x_wconf 82' lang='lat' dir='ltr'><strong>internedunt</strong></span> <span class='ocrx_word' id='word_1_236' title='bbox 851 3838 947 3904; x_wconf 85' lang='lat' dir='ltr'><strong>etiam</strong></span> <span class='ocrx_word' id='word_1_237' title='bbox 975 3859 993 3903; x_wconf 89' lang='lat' dir='ltr'><strong>e</strong></span> <span class='ocrx_word' id='word_1_238' title='bbox 1020 3839 1176 3905; x_wconf 89' lang='lat' dir='ltr'><strong>eommuni</strong></span> <span class='ocrx_word' id='word_1_239' title='bbox 1198 3838 1239 3903; x_wconf 88' lang='lat' dir='ltr'><strong>ab</strong></span> <span class='ocrx_word' id='word_1_240' title='bbox 1261 3844 1393 3921; x_wconf 80' lang='lat' dir='ltr'><strong>unaque</strong></span> 
     </span>
     <span class='ocr_line' id='line_1_31' title="bbox 324 3944 1441 4031; baseline 0.001 -21"><span class='ocrx_word' id='word_1_241' title='bbox 324 3944 489 4028; x_wconf 85' lang='lat' dir='ltr'><strong>diligenter</strong></span> <span class='ocrx_word' id='word_1_242' title='bbox 514 3952 668 4031; x_wconf 84' lang='lat' dir='ltr'><strong>usurpate</strong></span> <span class='ocrx_word' id='word_1_243' title='bbox 693 3946 780 4011; x_wconf 82' lang='lat' dir='ltr'><strong>iente</strong></span> <span class='ocrx_word' id='word_1_244' title='bbox 808 3964 900 4029; x_wconf 86' lang='lat' dir='ltr'><strong>pesse</strong></span> <span class='ocrx_word' id='word_1_245' title='bbox 923 3948 1010 4010; x_wconf 83' lang='lat' dir='ltr'><strong>ortas</strong></span> <span class='ocrx_word' id='word_1_246' title='bbox 1031 3964 1099 4010; x_wconf 89' lang='lat' dir='ltr'><strong>essa</strong></span> <span class='ocrx_word' id='word_1_247' title='bbox 1120 3965 1214 4010; x_wconf 88' lang='lat' dir='ltr'><strong>nemo</strong></span> <span class='ocrx_word' id='word_1_248' title='bbox 1234 3966 1299 4010; x_wconf 89' lang='lat' dir='ltr'><strong>non</strong></span> <span class='ocrx_word' id='word_1_249' title='bbox 1321 3966 1394 4011; x_wconf 88' lang='lat' dir='ltr'><strong>eon-</strong></span> <span class='ocrx_word' id='word_1_250' title='bbox 1437 3963 1441 3971; x_wconf 87' lang='lat'>·</span> 
     </span>
     <span class='ocr_line' id='line_1_32' title="bbox 324 4050 1394 4134; baseline 0.002 -19"><span class='ocrx_word' id='word_1_251' title='bbox 324 4050 424 4116; x_wconf 79' lang='lat' dir='ltr'><strong>sedet</strong></span> <span class='ocrx_word' id='word_1_252' title='bbox 468 4050 523 4115; x_wconf 90' lang='lat' dir='ltr'><strong>sed</strong></span> <span class='ocrx_word' id='word_1_253' title='bbox 551 4058 626 4115; x_wconf 89' lang='lat' dir='ltr'><strong>snnt</strong></span> <span class='ocrx_word' id='word_1_254' title='bbox 653 4052 750 4117; x_wconf 84' lang='lat' dir='ltr'><strong>etiam</strong></span> <span class='ocrx_word' id='word_1_255' title='bbox 776 4051 891 4134; x_wconf 88' lang='lat' dir='ltr'><strong>quibus</strong></span> <span class='ocrx_word' id='word_1_256' title='bbox 920 4050 1051 4133; x_wconf 88' lang='lat' dir='ltr'><strong>snspitlo</strong></span> <span class='ocrx_word' id='word_1_257' title='bbox 1074 4072 1169 4134; x_wconf 89' lang='lat' dir='ltr'><strong>qnam</strong></span> <span class='ocrx_word' id='word_1_258' title='bbox 1191 4051 1394 4117; x_wconf 80' lang='lat' dir='ltr'><strong>eseitanimns</strong></span> 
     </span>
     <span class='ocr_line' id='line_1_33' title="bbox 324 4156 1394 4241; baseline 0.002 -20"><span class='ocrx_word' id='word_1_259' title='bbox 324 4162 483 4240; x_wconf 73' lang='lat' dir='ltr'><strong>migeatnm.</strong></span> <span class='ocrx_word' id='word_1_260' title='bbox 529 4178 566 4221; x_wconf 84' lang='lat' dir='ltr'><strong>ae</strong></span> <span class='ocrx_word' id='word_1_261' title='bbox 594 4158 729 4240; x_wconf 86' lang='lat' dir='ltr'><strong>primum</strong></span> <span class='ocrx_word' id='word_1_262' title='bbox 750 4177 832 4241; x_wconf 88' lang='lat' dir='ltr'><strong>quae</strong></span> <span class='ocrx_word' id='word_1_263' title='bbox 853 4156 1041 4223; x_wconf 82' lang='lat' dir='ltr'><strong>Plntasehus</strong></span> <span class='ocrx_word' id='word_1_264' title='bbox 1063 4161 1135 4241; x_wconf 85' lang='lat' dir='ltr'><strong>pest</strong></span> <span class='ocrx_word' id='word_1_265' title='bbox 1157 4157 1302 4223; x_wconf 79' lang='lat' dir='ltr'><strong>acerbam</strong></span> <span class='ocrx_word' id='word_1_266' title='bbox 1324 4177 1394 4224; x_wconf 89' lang='lat' dir='ltr'><strong>ora·</strong></span> 
     </span>
     <span class='ocr_line' id='line_1_34' title="bbox 325 4262 1395 4347; baseline 0.003 -21"><span class='ocrx_word' id='word_1_267' title='bbox 325 4263 452 4339; x_wconf 85' lang='lat' dir='ltr'><strong>tionem,</strong></span> <span class='ocrx_word' id='word_1_268' title='bbox 480 4283 544 4345; x_wconf 90' lang='lat' dir='ltr'><strong>qua</strong></span> <span class='ocrx_word' id='word_1_269' title='bbox 570 4263 736 4329; x_wconf 76' lang='lat' dir='ltr'><strong>Marcellus</strong></span> <span class='ocrx_word' id='word_1_270' title='bbox 764 4264 878 4329; x_wconf 84' lang='lat' dir='ltr'><strong>milites</strong></span> <span class='ocrx_word' id='word_1_271' title='bbox 906 4264 1006 4328; x_wconf 89' lang='lat' dir='ltr'><strong>altero</strong></span> <span class='ocrx_word' id='word_1_272' title='bbox 1035 4262 1086 4327; x_wconf 91' lang='lat' dir='ltr'><strong>die</strong></span> <span class='ocrx_word' id='word_1_273' title='bbox 1107 4264 1139 4327; x_wconf 90' lang='lat' dir='ltr'><strong>in</strong></span> <span class='ocrx_word' id='word_1_274' title='bbox 1161 4263 1267 4347; x_wconf 79' lang='lat' dir='ltr'><strong>fingam</strong></span> <span class='ocrx_word' id='word_1_275' title='bbox 1288 4284 1395 4329; x_wconf 89' lang='lat' dir='ltr'><strong>uersos</strong></span> 
     </span>
     <span class='ocr_line' id='line_1_35' title="bbox 325 4364 1395 4454; baseline 0.005 -22"><span class='ocrx_word' id='word_1_276' title='bbox 325 4368 526 4451; x_wconf 73' lang='lat' dir='ltr'><strong>eornipuerat</strong></span> <span class='ocrx_word' id='word_1_277' title='bbox 544 4370 602 4435; x_wconf 91' lang='lat' dir='ltr'><strong>sub</strong></span> <span class='ocrx_word' id='word_1_278' title='bbox 610 4370 704 4435; x_wconf 91' lang='lat' dir='ltr'><strong>finem</strong></span> <span class='ocrx_word' id='word_1_279' title='bbox 719 4390 786 4454; x_wconf 85' lang='lat' dir='ltr'><strong>cap.</strong></span> <span class='ocrx_word' id='word_1_280' title='bbox 802 4368 892 4435; x_wconf 86' lang='lat' dir='ltr'><strong>XXV</strong></span> <span class='ocrx_word' id='word_1_281' title='bbox 921 4366 1061 4433; x_wconf 83' lang='lat' dir='ltr'><strong>exhibet:</strong></span> <span class='ocrx_word' id='word_1_282' title='bbox 1085 4370 1117 4435; x_wconf 83' lang='lat' dir='ltr'><strong>di</strong></span> <span class='ocrx_word' id='word_1_283' title='bbox 1136 4364 1157 4435; x_wconf 82' lang='lat' dir='ltr'><strong>di</strong></span> <span class='ocrx_word' id='word_1_284' title='bbox 1179 4371 1307 4436; x_wconf 76' lang='grc' dir='ltr'><strong><em>πολλῶν</em></strong></span> <span class='ocrx_word' id='word_1_285' title='bbox 1328 4366 1395 4437; x_wconf 77' lang='grc' dir='ltr'><strong>ἀπὸ</strong></span> 
     </span>
     <span class='ocr_line' id='line_1_36' title="bbox 324 4471 1395 4566; baseline -0.002 -25"><span class='ocrx_word' id='word_1_286' title='bbox 324 4476 378 4566; x_wconf 60' lang='lat' dir='ltr'><strong>mig</strong></span> <span class='ocrx_word' id='word_1_287' title='bbox 400 4472 507 4564; x_wconf 80' lang='grc' dir='ltr'><em>μάχης</em></span> <span class='ocrx_word' id='word_1_288' title='bbox 529 4473 733 4551; x_wconf 73' lang='grc' dir='ltr'><strong><em>ἐπικινδύνως</em></strong></span> <span class='ocrx_word' id='word_1_289' title='bbox 755 4477 808 4542; x_wconf 83' lang='grc' dir='ltr'><strong>καὶ</strong></span> <span class='ocrx_word' id='word_1_290' title='bbox 829 4473 975 4563; x_wconf 77' lang='grc' dir='ltr'><strong><em>πονήρως</em></strong></span> <span class='ocrx_word' id='word_1_291' title='bbox 999 4471 1138 4556; x_wconf 76' lang='grc' dir='ltr'><strong><em>ἐχόντων</em></strong></span> <span class='ocrx_word' id='word_1_292' title='bbox 1160 4474 1277 4542; x_wconf 79' lang='grc' dir='ltr'><strong><em>οὐδένα</em></strong></span> <span class='ocrx_word' id='word_1_293' title='bbox 1299 4475 1395 4560; x_wconf 77' lang='grc' dir='ltr'><strong><em>φασὶν</em></strong></span> 
     </span>
     <span class='ocr_line' id='line_1_37' title="bbox 326 4566 1396 4672; baseline 0 -24"><span class='ocrx_word' id='word_1_294' title='bbox 326 4574 364 4648; x_wconf 71' lang='grc' dir='ltr'><strong><em>ὃν</em></strong></span> <span class='ocrx_word' id='word_1_295' title='bbox 385 4583 417 4649; x_wconf 74' lang='grc' dir='ltr'><strong>οἱ</strong></span> <span class='ocrx_word' id='word_1_296' title='bbox 431 4583 625 4663; x_wconf 77' lang='grc' dir='ltr'><strong><em>Μαρκέλλου</em></strong></span> <span class='ocrx_word' id='word_1_297' title='bbox 641 4566 735 4665; x_wconf 74' lang='grc' dir='ltr'><strong>1λόγου</strong></span> <span class='ocrx_word' id='word_1_298' title='bbox 756 4583 817 4649; x_wconf 75' lang='grc' dir='ltr'><strong><em>τῶν</em></strong></span> <span class='ocrx_word' id='word_1_299' title='bbox 831 4577 1017 4666; x_wconf 77' lang='grc' dir='ltr'><strong><em>τραυμάτων</em></strong></span> <span class='ocrx_word' id='word_1_300' title='bbox 1033 4577 1106 4661; x_wconf 79' lang='grc' dir='ltr'><strong><em>οὐχὶ</em></strong></span> <span class='ocrx_word' id='word_1_301' title='bbox 1121 4582 1243 4664; x_wconf 76' lang='grc' dir='ltr'><strong><em>μᾶλλον</em></strong></span> <span class='ocrx_word' id='word_1_302' title='bbox 1257 4575 1396 4672; x_wconf 77' lang='grc' dir='ltr'><strong><em>ἤλγυναν</em></strong></span> 
     </span>
     <span class='ocr_line' id='line_1_38' title="bbox 327 4684 1395 4769; baseline 0.006 -20"><span class='ocrx_word' id='word_1_303' title='bbox 327 4708 388 4751; x_wconf 89' lang='lat' dir='ltr'><strong>nen</strong></span> <span class='ocrx_word' id='word_1_304' title='bbox 404 4687 543 4751; x_wconf 88' lang='lat' dir='ltr'><strong>inuenies</strong></span> <span class='ocrx_word' id='word_1_305' title='bbox 567 4686 651 4769; x_wconf 90' lang='lat' dir='ltr'><strong>apud</strong></span> <span class='ocrx_word' id='word_1_306' title='bbox 673 4687 806 4753; x_wconf 86' lang='lat' dir='ltr'><strong>Liuium.</strong></span> <span class='ocrx_word' id='word_1_307' title='bbox 853 4685 965 4753; x_wconf 88' lang='lat' dir='ltr'><strong>deinde</strong></span> <span class='ocrx_word' id='word_1_308' title='bbox 986 4684 1213 4769; x_wconf 78' lang='lat' dir='ltr'><strong>discrepantiae</strong></span> <span class='ocrx_word' id='word_1_309' title='bbox 1240 4685 1395 4768; x_wconf 84' lang='lat' dir='ltr'><strong>quaedam</strong></span> 
     </span>
    </p>
   </div>
   <div class='ocr_carea' id='block_1_6' title="bbox 0 0 1717 5567">
    <p class='ocr_par' dir='ltr' id='par_1_6' title="bbox 0 0 1717 5567">
     <span class='ocr_line' id='line_1_39' title="bbox 0 0 1717 5567; baseline 0 0"><span class='ocrx_word' id='word_1_310' title='bbox 0 0 1717 5567; x_wconf 95' lang='lat' dir='ltr'><strong> </strong></span> 
     </span>
    </p>
   </div>
  </div>
 </body>
</html>
