3417 5567
745 644 964 710 ..36-

320 860 392 926 belo
406 828 617 945 reporteuisse
631 796 728 925 tradit
750 856 836 947 (liii,
853 861 921 944 17),
930 857 1089 945 ,Polybius
1102 867 1210 927 autem
1223 858 1393 927 identidem

320 971 394 1032 ente
416 967 537 1033 cladem
558 966 644 1050 apud
665 967 794 1033 Zamam
821 971 984 1051 acceptam
1004 985 1164 1049 nunquam
1185 967 1312 1031 1111111·
1326 985 1393 1031 esse

161 1045 168 1056 ’
267 1088 269 1093 ·
320 1070 530 1138 emacem
551 1072 712 1139 conanus
734 1068 808 1155 (xv
832 1074 889 1150 113
914 1067 1049 1149 1111,
1073 1073 1118 1157 3).

322 1214 326 1219 ·
425 1173 498 1245 Nou
512 1179 590 1244 item
610 1178 755 1244 subsidiis
777 1199 794 1245 e
815 1178 929 1262 quibus
950 1177 989 1243 de
1011 1177 1171 1242 Plutarchi
1192 1177 1278 1243 iente
1293 1177 1393 1242 conici

171 1362 175 1373 Ι
319 1285 420 1368 possit
441 1304 582 1351 caremus
603 1285 637 1349 in
659 1302 698 1350 ea
720 1304 801 1368 quae
822 1285 964 1368 sequitur
975 1285 1063 1349 uitae
1082 1290 1184 1368 perte,
1205 1284 1239 1349 in
1261 1305 1326 1368 qua
1339 1304 1393 1349 oo-

320 1392 408 1474 piose
430 1390 649 1457 describuntur
670 1391 843 1477 Syracusae
864 1413 886 1455 a
905 1391 1056 1456 Mareelm
1076 1397 1276 1475 oppugnatae
1296 1395 1393 1474 etque

321 1504 518 1581 expugnatae
540 1497 776 1584 (xlll-xlxy
812 1519 888 1563 nam
908 1503 1034 1581 praeter
1053 1498 1156 1562 fusam
1177 1497 1261 1561 Liuii
1282 1515 1393 1560 norror

320 1602 438 1672 tionem
460 1602 588 1689 (XXIV,
611 1604 710 1681 4—73
733 1604 882 1679 21-39;
898 1603 997 1681 XXV,
1020 1602 1166 1687 23-31)
1180 1602 1266 1667 haud
1280 1603 1394 1685 exigue

321 1708 497 1792 fragmenta
506 1710 629 1796 Polybii
642 1716 806 1794 supersunt
817 1709 901 1796 (vll,
914 1709 1013 1786 2-73
1028 1709 1113 1786 VIII,
1126 1709 1227 1785 5-93
1244 1710 1303 1785 363
1323 1708 1392 1791 37).

319 1814 455 1901 Appiani
476 1836 572 1882 rmum
594 1817 801 1901 fragmentum
824 1822 981 1900 superstes
1007 1821 1057 1881 cst
1079 1815 1176 1902 (sicil.
1198 1817 1251 1900 4),
1273 1816 1308 1880 in
1330 1837 1393 1899 quo

321 1922 443 1987 cumini
469 1922 564 1987 datm
590 1923 739 1998 Marcello
768 1922 853 2006 quod
875 1923 973 1987 nimia
994 1920 1180 1988 crudelitate
1202 1943 1241 1988 ac
1259 1921 1392 2006 perfidia

320 2030 354 2094 in
375 2030 474 2095 uictos
502 2027 623 2096 Siculos
654 2030 919 2096 animaduerterit.
962 2027 1051 2095 nulla
1071 2020 1160 2095 ratio
1176 2029 1323 2095 habenda
1342 2036 1393 2094 est

321 2136 429 2202 Dionis
458 2135 557 2201 Cassii
586 2137 686 2225 (apud
714 2138 814 2202 Treta.
838 2136 916 2202 chii.
940 2138 972 2202 Π
993 2136 1066 2201 hist.
1088 2132 1143 2214 35,
1167 2136 1315 2221 24-35)
1336 2141 1393 2201 aut

320 2245 461 2309 Zonaras
478 2242 548 2322 ix,
582 2243 614 2322 5,
648 2262 726 2327 quos
757 2262 828 2309 cum
862 2248 989 2327 praeter
1015 2243 1093 2308 alias
1114 2243 1275 2308 machinas
1297 2243 1411 2311 eticm'

321 2351 448 2435 specula
469 2352 511 2417 ed
531 2350 740 2417 incendendas
760 2352 971 2415 Romanorum
985 2364 1084 2415 naues
1097 2346 1314 2415 Archimedem
1334 2347 1392 2413 ad-

320 2457 458 2523 hibuisse
480 2462 653 2524 memorent
673 2494 718 2505 --
733 2476 814 2542 quae
835 2457 945 2522 fabula
966 2457 1051 2541 apud
1072 2456 1192 2521 nullum
1213 2462 1392 2520 nostrorum

321 2568 484 2629 auctorum
512 2562 648 2630 occurrit
680 2602 722 2613 —-
755 2560 938 2647 posterioris
968 2563 1083 2627 aetatis
1116 2558 1297 2628 auctoribus
1318 2581 1391 2627 usos

322 2691 389 2736 esse
421 2660 619 2755 perspicuum
652 2676 707 2735 est.
763 2668 917 2754 proficisci
949 2686 1025 2735 uero
1057 2667 1152 2733 debet
1183 2673 1253 2734 tota
1284 2673 1392 2733 mire

197 2810 200 2821 1
320 2779 464 2863 quaestio
486 2798 507 2843 a
527 2776 667 2862 Polybio,
682 2797 777 2861 quem
792 2774 982 2865 amplissime
1002 2793 1053 2840 res
1074 2774 1195 2841 Similes
1215 2775 1393 2839 narrauisse

321 2884 495 2967 fragmenta
527 2888 682 2950 testentur
714 2880 865 2967 cuiusque
895 2882 1076 2966 fragmentis
1105 2882 1196 2969 copia
1220 2880 1313 2946 nobis
1334 2879 1393 2945 fiat

322 3010 388 3056 non
416 2990 517 3056 solum
543 2990 583 3055 de
609 2987 692 3055 Liuii
713 2990 769 3056 sed
792 2990 888 3055 etiem
903 2988 950 3053 do
971 2986 1132 3053 Plutarchi
1153 2987 1295 3053 fontibus
1315 2988 1392 3053 satis

323 3100 410 3161 certo
423 3094 590 3162 iudicandi.
614 3097 669 3163 sed
691 3098 875 3184 priusquam
889 3094 922 3160 in
944 3094 1105 3190 Plutarchi
1127 3094 1230 3159 fontes
1251 3095 1392 3178 inqu'ra

322 3224 402 3281 mus,
430 3208 604 3269 statuemus
634 3222 716 3288 queo
743 3204 824 3269 ratio
852 3203 935 3267 ieter
957 3202 1082 3270 Liuium
1104 3207 1139 3265 et
1158 3200 1322 3285 Polybium
1341 3201 1392 3265 in·

322 3309 471 3375 tercedat.
500 3330 538 3375 ac
560 3332 630 3377 cum
653 3311 754 3399 primo
776 3311 951 3393 fragmento
972 3309 1093 3394 Polybii
1115 3308 1200 3395 (VII,
1224 3307 1336 3393 2-5),
1358 3309 1392 3373 in

322 3436 385 3499 que
417 3417 520 3499 agitas
552 3418 592 3483 de
626 3418 776 3483 societate
806 3415 847 3481 ab
882 3411 1082 3500 Hieronymo,
1113 3415 1164 3480 oui
1191 3434 1289 3502 puero
1318 3419 1392 3503 post

322 3528 455 3589 mortem
476 3520 622 3589 Hieronis
643 3542 773 3607 regnum
794 3523 982 3587 merelatum
1002 3526 1082 3598 orat,
1103 3540 1174 3585 cum
1196 3519 1392 3605 Carthagini·

322 3630 448 3696 ensibus
482 3631 554 3707 icto,
587 3632 633 3695 ita
665 3631 823 3717 conspirat
850 3627 959 3692 liuius
980 3624 1095 3704 XXIV,
1118 3627 1150 3704 6,
1172 3633 1208 3691 ut
1229 3646 1302 3692 eum
1324 3627 1393 3693 aliis

322 3736 548 3826 praetermissis
571 3736 640 3801 aliis
661 3737 695 3801 in
716 3739 883 3819 angustum
898 3734 1015 3800 coecus
1036 3732 1200 3818 Polybium
1220 3730 1393 3800 reddidisse

321 3846 390 3909 iure
411 3843 562 3930 suspicari
582 3840 754 3930 possimus:
802 3858 883 3924 quae
905 3839 946 3905 do
966 3838 1191 3905 Leontinorum
1212 3839 1301 3905 urbis
1320 3841 1392 3918 situ,

320 3949 466 4015 Hieronis
494 3969 533 4013 ac
560 3946 853 4032 Gelonis'moribus
876 3944 1021 4033 exposuit
1041 3941 1189 4030 Polybius
1212 3945 1280 4024 VII,
1303 3946 1391 4013 6-1

322 4076 387 4122 non
395 4054 501 4138 attigit
511 4052 628 4119 Liuius.
651 4054 691 4119 de
713 4051 945 4142 oppugnatione
965 4049 1295 4144 uemSyrucuserum,
1311 4070 1393 4137 quae

322 4162 407 4250 apud
438 4160 603 4246 Polybium
634 4158 755 4243 integre
778 4164 936 4246 superstes
953 4164 1001 4223 est
1023 4156 1124 4246 (vlu,
1151 4158 1393 4244 5-9),1tuim

322 4266 432 4336 eodem
459 4268 553 4333 modo
580 4273 617 4333 ut
637 4272 733 4333 antea
752 4286 824 4333 cum
844 4265 974 4352 Polybio
995 4266 1151 4333 consentit
1172 4266 1254 4351 (hin.
1278 4263 1393 4343 xxiv,

324 4376 369 4441 33
398 4378 427 4457 §-
457 4372 590 4458 9·-34).
635 4373 885 4439 accuratissimus
912 4372 996 4437 enim
1017 4372 1096 4439 ordo
1117 4372 1392 4438 nudorumoono·

323 4488 428 4547 torum
449 4479 590 4544 Marcelli
610 4479 886 4561 machinarumque
906 4476 1109 4556 Archimedis,
1133 4480 1188 4562 qni
1209 4478 1276 4543 sine
1297 4476 1393 4545 dubie

321 4587 505 4671 diligentiae
531 4585 653 4671 Polybii
680 4584 863 4650 tribuendus
893 4590 950 4661 est,
977 4602 1104 4668 prorsus
1131 4581 1215 4648 idem
1236 4590 1287 4648 est
1307 4583 1393 4669 apud

323 4694 462 4770 Liuium
495 4691 663 4776 descriptio
691 4696 876 4775 apparatus,
909 4706 1003 4774 quem
1030 4690 1196 4756 Marcellus
1223 4689 1265 4755 ad
1292 4709 1392 4776 oppo-
