3417 5567
759 664 978 727 -7-.

331 876 401 941 uas
425 876 461 941 a
492 874 648 959 paones
681 856 769 940 iura
796 875 931 941 monem
952 874 1093 941 usuum
1120 896 1211 944 usum
1236 899 1320 958 osse,
1339 864 1403 965 'qa

330 1002 436 1050 terrun
455 1002 520 1048 non
540 980 644 1050 minure
664 981 861 1067 publicarum
887 1000 984 1066 quam
1010 979 1192 1049 belliuannn
1217 1006 1279 1059 usu
1305 990 1403 1070 atqua

329 1088 523 1173 experientia
553 1089 636 1153 inter
668 1088 815 1172 aequales
848 1087 1014 1153 eminebat.
1064 1088 1163 1154 huius'
1189 1097 1256 1157 tam
1288 1092 1403 1177 egregii

330 1197 467 1263 enebris
488 1196 622 1263 historia
642 1201 785 1261 ueterum
816 1200 993 1280 temporum
1025 1196 1133 1280 paucis
1158 1198 1283 1263 anaim
1309 1216 1401 1263 exce·
1465 1275 1468 1280 ¹

328 1304 393 1388 ptis
417 1303 598 1387 fragmentis
637 1301 722 1388 quod
759 1303 879 1369 interiit
905 1303 998 1369 uelde
1024 1302 1193 1370 dolendum
1220 1311 1278 1371 est.
1319 1324 1402 1390 quae

326 1410 451 1475 iaotm
477 1410 584 1495 aitqua
610 1430 650 1477 ex
675 1415 767 1494 parts
793 1414 1015 1495 compensatur
1050 1411 1192 1477 Zonaras
1219 1410 1400 1477 ‘amalibus

328 1516 358 1582 is
380 1516 550 1582 monachus
585 1536 777 1601 quamquam
809 1516 979 1582 tutissimus
1011 1522 1061 1582 est
1086 1516 1180 1583 homo
1203 1522 1238 1583 et
1258 1519 1400 1602 scriptor,

326 1629 440 1709 utpote
460 1624 516 1708 qui
537 1624 571 1688 in
593 1623 720 1691 monuo
741 1623 926 1708 prodicatm
958 1643 993 1689 ss
1016 1624 1058 1689 ad
1078 1624 1246 1690 historiam
1264 1623 1400 1691 conden-

326 1729 412 1809 dam,
435 1735 473 1795 ut
491 1749 608 1814 prauus
629 1731 833 1813 cogitationes
853 1750 892 1795 ac
914 1729 1100 1815 cupiditates
1122 1731 1296 1815 repelleret,
1324 1746 1399 1801 con-

326 1836 444 1921 flrgisse
465 1842 561 1920 atque
588 1836 690 1903 iontffl
717 1858 790 1902 suos
816 1856 934 1920 eosque
960 1837 1162 1921 paucissimos
1190 1836 1398 1921 assumpsisse,

325 1949 435 2009 tamen
455 1941 546 2009 nobis
566 1942 673 2032 magni
687 1946 736 2007 est
749 1943 852 2025 pretii,
876 1942 951 2026 quia
972 1941 1014 2007 ad
1034 1926 1166 2009 uerbum
1179 1942 1281 2009 tontes
1294 1947 1398 2008 bans-
1536 2023 1541 2037 ¹

326 2049 465 2115 scribens
492 2049 592 2114 mulla
619 2048 759 2113 seruauit
785 2068 825 2113 ex
852 2048 1043 2126 auumubua
1072 2070 1205 2133 quorum
1226 2070 1323 2134 opera
1344 2068 1398 2115 ae·

324 2160 427 2221 tatem
453 2176 517 2220 non
539 2156 687 2219 bilerunt
736 2155 770 2219 in
796 2155 927 2220 historia
953 2155 1037 2220 enim
1063 2154 1206 2221 Romana
1232 2156 1398 2239 usquead

326 2260 463 2327 deletam
484 2260 669 2329 Corinthum
690 2266 833 2327 auctores
854 2260 966 2326 habuit
987 2266 1055 2326 tum
1075 2261 1209 2329 Dionem
1228 2268 1298 2328 tum
1321 2262 1397 2329 Plu·

325 2368 480 2445 lembum,
501 2372 597 2452 atque
618 2368 652 2433 in
673 2388 713 2433 ea
733 2373 824 2451 parte
857 2387 939 2453 quae
962 2367 1003 2433 ad
1023 2372 1164 2433 nostrum
1184 2370 1398 2453 quaestionem

324 2476 440 2542 attinet
470 2476 572 2541 solum
593 2474 736 2553 Dionem,
757 2496 821 2558 quo
842 2475 889 2539 ita
909 2474 1058 2540 utebatur
1089 2480 1126 2539 ut
1147 2471 1211 2540 alia
1230 2476 1396 2541 transscri-

324 2580 423 2660 beret,
446 2581 511 2646 alia
530 2582 811 2665 praetermitteret,
832 2581 896 2651 alia
923 2582 956 2646 in
984 2580 1109 2647 breuius
1131 2581 1338 2661 mnbaberst
1359 2587 1397 2648 ut

298 2718 300 2726 ¹
323 2687 372 2753 W.
394 2687 431 2753 A.
455 2686 596 2753 Schmidt
622 2684 678 2774 (de
706 2685 846 2753 fontibus
866 2688 1016 2765 Zonarae,
1043 2686 1221 2753 zeitschrift
1247 2687 1269 2753 i.
1291 2687 1395 2753 Alter·

322 2795 466 2861 thumsu
488 2794 537 2859 ed.
559 2795 797 2872 Zimmermann,
827 2795 913 2860 1839
935 2817 965 2880 p.
994 2794 1075 2881 238)
1102 2794 1271 2860 certissime
1292 2794 1394 2860 euicit.

323 2922 341 2966 e
364 2900 508 2967 Cornelio
530 2900 652 2985 Nepote
680 2898 746 2965 iero
772 2900 874 2965 nullos
901 2900 1021 2967 finctus
1042 2902 1199 2986 percipere
1220 2920 1394 2985 possumus,

322 3008 399 3092 qnia
426 3006 643 3073 excellentium
671 3003 785 3075 ducum
814 3006 1026 3071 Romanorum
1058 3005 1138 3075 libro
1172 3004 1295 3091 perdito
1327 3004 1395 3071 sola

321 3114 391 3179 uita
418 3111 604 3179 Hannibalis
632 3110 675 3175 ad
702 3116 843 3177 nostram
871 3113 1087 3195 quaestionem
1113 3112 1236 3190 attinet,
1266 3110 1306 3176 ds
1327 3111 1394 3177 eius

292 3254 302 3272 ι
323 3226 430 3286 antem
451 3219 598 3297 fontibus,
623 3240 814 3304 quamquam
827 3215 913 3286 haud
928 3220 1094 3305 spernendi
1108 3225 1249 3287 auctores
1261 3218 1393 3285 laudan-
1525 3300 1526 3307 ἵ

321 3332 375 3393 tur
402 3347 469 3412 cap.
493 3327 553 3391 13:
568 3325 727 3410 Polybius,
750 3324 905 3410 Sulpicius
920 3324 1036 3405 Blith0,
1051 3326 1139 3393 unius
1160 3326 1220 3392 hoc
1235 3327 1302 3393 solo
1323 3326 1393 3393 loco

320 3433 438 3498 mentio
459 3432 512 3510 fit,
538 3430 659 3497 Sosilm
680 3451 719 3498 ao
740 3430 872 3510 Silenus,
896 3432 1082 3501 Hannibalis
1104 3432 1242 3511 comites,
1264 3438 1393 3517 propter

319 3540 449 3605 nimiam
475 3539 606 3624 Nepotis
636 3539 790 3604 monrium
816 3559 854 3604 ac
882 3539 1049 3605 memoriae
1076 3538 1289 3605 infirmitatem
1314 3538 1393 3605 nihil
1462 3554 1466 3567 ¹

319 3646 421 3711 conici
442 3650 555 3730 potest
599 3651 685 3711 totus
705 3644 841 3729 danique
863 3645 947 3714 Liuii
968 3651 1158 3713 metatorum
1184 3650 1219 3711 et
1238 3647 1391 3731 epitoma·

318 3758 423 3818 torum
445 3770 537 3836 grex,
565 3750 620 3818 ubi
648 3752 714 3836 ipse
743 3751 851 3817 liuius
873 3758 1023 3836 superest,
1045 3752 1113 3817 iure
1133 3752 1255 3837 neglegi
1275 3757 1390 3838 polest,

317 3862 482 3923 auctorum
495 3854 726 3943 deperditarum
747 3864 841 3925 tenue
863 3859 955 3925 affert
976 3858 1154 3927 subsidium.
1200 3881 1238 3926 ac
1257 3865 1332 3925 snnt
1344 3860 1391 3927 illi

317 3964 446 4049 quidem
467 3964 610 4031 Valerius
631 3966 802 4044 Maximus,
830 3965 932 4031 Julius
954 3964 1075 4043 Florus,
1102 3964 1281 4051 Eutropius,
1310 3966 1390 4033 Oro-

316 4072 392 4150 sius,
414 4070 558 4137 Auralius
580 4071 690 4137 Victor
710 4077 747 4137 ut
778 4072 878 4155 uulgo
901 4070 1078 4156 appellatur
1108 4072 1163 4155 qui
1183 4072 1323 4139 libellum
1350 4072 1389 4139 de

315 4178 392 4244 uiris
414 4178 586 4244 illustribus
608 4179 790 4263 composuit
834 4179 890 4262 qui
913 4198 976 4262 qua
997 4178 1119 4243 ratione
1145 4178 1195 4243 usi
1222 4178 1286 4243 sint
1306 4178 1389 4243 Liuii

317 4283 481 4351 annalibus
510 4284 689 4369 'erpbcauit
710 4284 749 4350 U.
771 4283 890 4350 Kiihler
917 4284 1019 4373 (Gott.
1049 4284 1161 4371 1860).
1205 4283 1244 4349 de
1271 4284 1389 4351 Valerii

315 4392 448 4458 Maximi
467 4391 605 4458 fontibus
626 4390 724 4457 insius
746 4390 893 4457 disseruit
918 4390 1037 4475 Kempf
1054 4391 1087 4457 in
1108 4390 1301 4475 praefatione
1322 4386 1388 4455 edi-

314 4497 419 4569 tionis.
464 4495 504 4565 de
532 4494 634 4565 Orosii
661 4496 728 4561 nita
755 4496 884 4581 eiusque
916 4496 1118 4564 historimum
1145 4494 1234 4565 libris
1262 4494 1319 4567 Th.
1348 4494 1388 4560 de

314 4603 461 4673 bloerner
480 4602 732 4673 mnasonem
750 4602 877 4687 scripsit
898 4601 1014 4689 (Beml.
1038 4601 1149 4687 1844).

421 4708 480 4774 His
506 4709 684 4792 praemissis
717 4709 853 4793 singulas
886 4708 972 4775 uitae
999 4708 1090 4775 Fabii
1122 4708 1252 4775 Maximi
1280 4712 1386 4794 partes
