3417 5567
726 593 946 659 ..26-

302 803 445 887 scriptori
474 801 613 881 caudam,
640 824 734 891 quom
759 806 794 871 in
821 804 882 871 hac
908 805 1108 871 historiarum
1134 810 1226 890 parte
1251 807 1370 891 praeci-

301 934 398 997 puum
419 914 579 978 motorum
599 909 711 976 habuit
731 915 766 977 ot
786 931 880 998 quem
892 911 1070 995 Appianum
1091 911 1208 998 (Hanc.
1225 912 1369 999 17-25)

301 1025 335 1085 et
361 1019 520 1085 Zonaram
547 1016 621 1104 (IX,
649 1017 684 1102 1)
710 1022 786 1083 ante
813 1016 921 1083 oculos
946 1016 1092 1083 lubuisse
1114 1018 1264 1102 suspicari
1288 1020 1369 1098 licet,

301 1126 376 1212 quia
401 1122 525 1192 cumei
551 1143 602 1189 res
629 1116 789 1207 memores
808 1123 1092 1207 praetermittentes
1114 1129 1171 1189 aut
1190 1131 1370 1209 peruerten·

301 1234 349 1297 tas
368 1223 516 1297 mirifieoe
537 1235 646 1295 autem
664 1227 787 1295 fabulas
809 1228 980 1295 adicientes
999 1229 1125 1313 manius
1146 1250 1255 1297 ueram
1276 1230 1370 1311 fonte

301 1337 350 1403 sui
375 1335 597 1425 arcuationem⁸
616 1335 872 1419 deprauauenmt
905 1340 1011 1404 umen
1043 1336 1226 1425 moramque
1258 1337 1299 1404 do
1332 1340 1401 1412 iis,

301 1463 383 1531 quae
403 1442 513 1510 Liuius
526 1441 625 1509 ‘aliter
644 1447 741 1529 atque
762 1440 909 1527 Polybius
930 1442 1073 1507 nmrauit
1091 1463 1163 1509 cum
1184 1442 1276 1510 Liuio
1298 1466 1370 1511 oon·

223 1543 226 1553 ’
301 1550 448 1616 sentiunt
477 1550 599 1636 ‚itaque
619 1548 671 1613 hic
698 1554 810 1616 auctor
830 1549 908 1636 quin
928 1547 1045 1613 Fabius
1065 1548 1172 1615 Pictor
1192 1549 1288 1615 fuerit
1309 1571 1370 1627 non

301 1655 432 1722 dubium
452 1653 544 1721 nobis
565 1654 692 1721 uidetur
711 1677 788 1723 ease.
805 1693 847 1706 -
864 1656 912 1723 his
935 1656 1085 1740 expositis
1107 1655 1149 1722 erl
1170 1657 1372 1724 Plutarchum

301 1764 439 1831 animum
465 1768 699 1842 muneramus„
744 1785 782 1830 ac
807 1783 891 1851 quaa
920 1762 1031 1833 Liuius
1057 1762 1221 1847 Polybium
1248 1770 1371 1831 secutus

302 1870 487 1955 explicuisse
512 1869 647 1947 ridetur,
676 1890 785 1936 eorum
811 1869 889 1939 nihil
911 1867 996 1953 apud
1017 1868 1219 1937 Plutarchum
1239 1870 1370 1949 muenia,

301 2000 373 2044 cum
393 1978 432 2042 iis
447 1981 561 2044 ‘autam
576 1998 657 2065 quae
672 1998 690 2042 e
704 1977 804 2043 Fabio
824 1976 931 2059 haurit
952 1976 1062 2042 Liuius
1072 1978 1150 2043 'fere
1171 1976 1275 2042 omnia
1290 1998 1371 2065 quae

301 2084 428 2151 exhibet
454 2083 641 2149 Plutarchus
667 2083 844 2175 oondnunt
862 2084 896 2147 et
923 2084 1112 2167 conspirant.
1168 2082 1297 2167 dignum
1324 2090 1372 2149 est

301 2195 544 2257 commemoratu
572 2188 774 2255 Plutarchum
795 2188 835 2253 de
857 2207 894 2253 co
916 2188 994 2272 ipso,
1017 2209 1079 2275 quo
1101 2188 1226 2254 Liuium
1247 2194 1372 2273 procur

301 2296 465 2382 Polybium
498 2295 647 2360 alterum
663 2296 782 2361 fontem
814 2294 960 2362 hahuisse
994 2294 1159 2372 emautur,
1188 2315 1260 2361 cum
1281 2294 1371 2361 Iiuio

302 2402 476 2470 consentire
501 2400 686 2466 referem
718 2402 765 2465 ita
791 2420 910 2466 cornua
926 2447 928 2457 .
942 2398 1152 2465 Hannibalem
1185 2400 1370 2477 extendhse,

301 2518 340 2577 ut
358 2510 404 2576 ab.
421 2515 510 2591 tergo
530 2506 637 2572 hostes
659 2506 955 2573 circumuenirentur
973 2504 1037 2593 (Pl.
1059 2505 1144 2584 XVI,
1167 2506 1233 2591 15).
1256 2511 1369 2572 sunte-

301 2637 392 2702 gema
412 2634 488 2679 uero
510 2611 704 2688 Hannibalis
727 2612 812 2699 quod
834 2610 991 2699 quomodo
1013 2616 1174 2694 peractum
1196 2611 1238 2691 sit
1253 2632 1271 2676 e
1289 2612 1371 2678 Liuii

302 2722 434 2788 obscura
460 2724 492 2783 et
519 2719 668 2802 perplexa
696 2718 875 2784 narratione
903 2739 966 2783 non
994 2718 1205 2803 cognoscitur,
1234 2720 1371 2785 breuiter

301 2835 335 2895 et
356 2826 490 2893 dilucide
517 2825 614 2893 oculis
641 2825 754 2893 subicit
784 2824 983 2909 Plutarchus,
1012 2829 1048 2889 ut
1075 2824 1199 2903 Limum
1225 2826 1291 2891 eius
1313 2847 1370 2891 au-

302 2942 421 3003 ctorem
452 2932 548 2997 fuisse
579 2931 709 3014 cogitari
741 2931 796 3007 uix
828 2930 937 3014 possit.
988 2930 1052 2997 iam
1078 2950 1154 2997 uero
1181 2932 1294 2997 mirum
1323 2937 1372 2997 est

302 3041 504 3109 Plutarchum
517 3038 679 3122 puluerem
692 3059 769 3121 prae
785 3037 897 3102 ceteris
915 3034 1093 3101 truhauisse
1105 3037 1263 3103 Romanos
1285 3058 1369 3102 com-

300 3147 537 3223 memorauisse,
569 3153 639 3210 cum
667 3145 774 3209 Liuius
803 3144 993 3208 mentionem
1020 3142 1145 3229 quidem
1172 3144 1249 3209 facit
1275 3145 1370 3221 uenti,

304 3255 373 3341 sed,
387 3254 486 3320 multo
514 3252 663 3318 maiorem
685 3257 821 3334 stragem
842 3250 1053 3315 Romanorum
1075 3248 1213 3316 effecisse
1234 3250 1371 3315 transfu-
1434 3243 1437 3251 ’

303 3385 358 3447 gas
384 3358 536 3427 Numidas
565 3359 791 3426 existimauisse
812 3358 945 3425 uidetur.
991 3358 1097 3446 itaque
1120 3358 1173 3445 qui
1195 3356 1276 3422 Liuii
1298 3377 1371 3421 nar·

302 3470 458 3536 rationem
483 3466 687 3549 excerpsisset
719 3464 823 3556 potius
852 3464 939 3529 illam
966 3463 1107 3533 fraudem
1139 3464 1250 3547 opinor
1278 3484 1372 3550 quam

303 3576 368 3641 uim
394 3561 489 3639 uenti
507 3570 772 3655 praedicauisset„
805 3569 1034 3634 consentientes
1056 3589 1131 3633 uero
1154 3590 1226 3635 crim
1246 3567 1371 3633 Plutar-

303 3682 361 3747 cho
384 3681 479 3745 etiam
500 3677 662 3761 Appianus
685 3681 716 3741 et
737 3676 875 3741 Zonaras
897 3674 1126 3739 uehementiam
1147 3674 1283 3759 pulueris
1304 3694 1371 3739 ma-

303 3787 376 3851 ioris
402 3785 551 3851 momenti
578 3805 673 3871 quam
701 3789 819 3849 ceteros
847 3781 936 3847 dolos
959 3780 1144 3847 Hannibalis
1168 3803 1245 3870 quos
1266 3781 1371 3873 plures

302 3896 485 3958 enumerant
505 3891 686 3956 aestimasse
708 3889 862 3955 uidentur.
908 3888 1028 3956 nullum
1045 3887 1178 3977 denique
1205 3884 1371 3971 uestigium

303 3997 389 4083 apud
419 3997 544 4063 Iiuium
575 3998 710 4062 occurrit
740 3994 923 4073 uerborum,
959 4014 1039 4082 quae
1067 3994 1255 4061 Plutarchus
1283 3993 1371 4081 (XV)

303 4102 512 4170 Hannibalem
540 4101 668 4185 Gisgoni
697 4101 851 4167 dicentem
877 4101 962 4165 facit.
1012 4100 1154 4165 uidemus
1181 4099 1278 4181 igitur
1304 4119 1371 4164 esse

303 4209 417 4298 quibus
439 4230 514 4273 num
536 4208 643 4273 Liuius
664 4208 734 4274 fons
756 4206 916 4271 Plutarchi
937 4206 1047 4271 haberi
1068 4205 1168 4289 possit
1188 4206 1221 4269 in
1243 4203 1372 4270 dubium

304 4319 442 4392 uocetur,
465 4313 542 4379 nihil
565 4334 640 4378 uero
655 4314 779 4379 obstare
795 4308 960 4401 ¹quominus
982 4309 1115 4376 Fabium
1136 4306 1291 4375 Pictorem
1313 4308 1371 4374 du-

303 4442 370 4488 cem
396 4420 491 4487 fuisse
518 4418 679 4487 Plutarchi
705 4440 867 4503 ponamus.
919 4416 975 4483 sed
999 4421 1099 4483 restat
1125 4416 1253 4504 insignis
1276 4417 1371 4494 locus,

302 4548 396 4615 quem
435 4526 610 4614 quaestioni
641 4530 766 4593 noemae
799 4525 901 4593 lucem
933 4524 1071 4612 aliquam
1101 4522 1269 4589 emaum
1303 4542 1372 4589 esse

303 4655 470 4718 speramus.
515 4654 588 4698 nam
620 4639 786 4720 postquam
811 4630 997 4695 Plutarchus
1026 4650 1125 4719 aeque
1148 4650 1185 4694 ae
1206 4628 1315 4694 Liuius
1338 4617 1370 4692 et
