3417 5567
760 648 980 714 „34-

333 864 516 933 Clastidium
545 859 648 927 deleta
675 880 742 925 ease
772 859 900 926 Orosius
927 860 1037 939 refert,
1072 862 1240 929 Plutarcho
1274 870 1403 933 auctore

331 978 438 1038 autem
464 968 494 1035 X
522 974 646 1033 tautum
667 965 754 1033 milia
776 988 813 1033 ec
835 967 978 1051 profecta
999 974 1081 1046 suut,
1104 988 1169 1035 uon
1188 975 1256 1035 tam
1277 971 1402 1038 Plutar-

331 1082 424 1147 chum
445 1097 566 1143 errasse
587 1076 801 1160 putauerimus
824 1094 919 1158 quam
941 1074 1086 1140 Orosium
1107 1094 1270 1144 caesormn
1291 1100 1402 1145 nume

330 1208 400 1253 rum
414 1206 485 1251 cum
496 1190 564 1249 toto
579 1182 785 1248 Gaesatorum
799 1200 929 1247 nomem
944 1181 1127 1247 confudisse.
1150 1202 1223 1247 nam
1243 1188 1324 1250 XXX
1342 1186 1402 1251 mi·

330 1294 375 1358 lia
385 1313 438 1357 eos
449 1290 544 1355 fuisse
555 1310 618 1354 uon
629 1288 723 1354 modo
735 1287 922 1353 Plutarchus
932 1288 988 1353 sod
999 1289 1095 1353 etiam
1109 1289 1255 1375 Polybius
1273 1292 1328 1378 (II,
1342 1292 1406 1378 34)

329 1401 468 1466 tradunt.
489 1416 570 1481 quas
598 1402 757 1479 utcunque
784 1416 852 1461 sese
866 1395 985 1461 habent
999 1418 1063 1462 non
1080 1402 1154 1463 sunt
1167 1396 1402 1481 impedimento,

330 1506 494 1590 quominus
508 1508 658 1587 procerte
674 1507 831 1567 statuatur
844 1500 1005 1568 Plutarchi
1019 1502 1093 1568 belli
1107 1504 1318 1571 narrationem
1332 1524 1403 1571 esse

330 1609 461 1677 eandem
483 1630 578 1693 quam
600 1630 617 1673 e
640 1607 737 1673 Fabio
760 1609 884 1673 Pictore
898 1622 1041 1673 manasse
1056 1609 1265 1692 cognommua.
1304 1632 1403 1693 quam

329 1724 435 1782 utrum
457 1736 497 1780 ex
522 1715 621 1799 ipsius
642 1713 732 1778 Fabii
760 1713 925 1779 annalibus
948 1734 989 1779 au
1011 1735 1029 1778 e
1050 1714 1142 1779 Liuio
1163 1715 1303 1780 hauserit
1325 1716 1402 1781 Plu·

329 1824 456 1890 tarchus
479 1844 518 1887 ex
539 1820 599 1886 hac
622 1820 853 1903 comparatione
869 1820 936 1885 erui
958 1842 1022 1885 non
1038 1825 1152 1905 potest.
1195 1822 1253 1888 sed
1273 1842 1345 1890 mm
1367 1823 1403 1888 in

329 1932 397 1996 uita
412 1926 503 1994 Fabii
519 1927 647 1993 Maximi
663 1927 819 1991 Pictorem
829 1931 990 1991 auctorem
1011 1926 1213 2012 praecipuum
1234 1927 1330 1993 fuisse
1350 1931 1402 1995 ui-

329 2038 479 2113 derimus,
512 2036 545 2099 in
571 2037 679 2099 nostra
705 2038 811 2097 autem
839 2034 907 2097 uita
928 2032 1053 2100 Linum
1073 2034 1269 2117 potissimum
1290 2040 1402 2100 aucto·

329 2166 395 2211 rem
422 2141 532 2207 haberi
559 2160 623 2204 non
645 2160 737 2224 posse
758 2160 832 2204 mox
854 2139 1098 2205 demonstraturi
1120 2140 1226 2219 aimuS,
1248 2140 1402 2209 hocloco

329 2253 431 2336 ipsmn
458 2248 590 2312 Fabium
619 2244 774 2311 Pictorem
802 2251 878 2309 ante
900 2246 1004 2311 oculos
1026 2245 1174 2312 habuisse
1196 2246 1401 2313 Plutarchum

329 2356 418 2422 nobis
444 2373 628 2438 persuasum
659 2358 715 2416 est.
745 2388 787 2399 -
811 2349 912 2416 eidem
934 2356 1040 2417 autem
1060 2351 1141 2417 fonti
1162 2354 1305 2437 exempla
1325 2354 1401 2419 reli-

328 2464 427 2547 gionis
450 2461 541 2526 anxie
564 2480 584 2523 a
605 2459 753 2524 Romanis
774 2458 961 2524 obseruatus
976 2461 1059 2546 (cap.
1082 2459 1126 2543 V)
1147 2480 1211 2525 non
1231 2460 1402 2532 tribuendo

328 2590 395 2635 esse
430 2574 525 2651 atque
558 2586 597 2631 ex
625 2566 693 2630 aliis
720 2564 860 2632 fontibus
887 2587 942 2643 ea,
976 2586 1057 2649 quae
1085 2566 1125 2635 de
1152 2567 1259 2652 spoliis
1288 2568 1400 2651 opimis

327 2676 395 2742 Ioui
416 2673 557 2740 Feretrio
580 2671 730 2737 dcdicabs
752 2674 833 2759 (cap.
845 2671 936 2757 VIII)
957 2672 1030 2737 mse‘
1048 2672 1251 2750 dissemnhm
1274 2680 1400 2758 sumpta

328 2802 394 2848 essa
415 2780 506 2846 facile
527 2776 725 2860 intellegitur.

432 2888 470 2951 Iu
498 2883 648 2970 proximis
676 2882 830 2967 capitibus
851 2889 1021 2949 nmrantur
1040 2884 1164 2967 proelia
1181 2884 1264 2949 circa
1285 2883 1400 2951 Nolam

264 3044 273 3061 .
326 2992 434 3060 urbem
463 3012 484 3057 a
510 2989 658 3086 Marcello
685 2994 795 3055 contra
822 2984 1032 3055 Hannibalem
1054 2990 1226 3057 commissa.
1271 3010 1398 3075 compa·

323 3101 389 3166 rari
410 3099 560 3165 hocloco
582 3101 688 3183 potest
709 3096 792 3163 solus
813 3096 921 3162 Liuius
944 3096 1063 3174 XXIII,
1086 3096 1233 3175 15-163
1255 3097 1396 3165 42-46.

325 3208 450 3272 Liuium
480 3208 595 3280 autem,
642 3222 832 3286 quamquam
871 3203 1088 3271 similitudines
1127 3202 1279 3288 quosdam
1315 3204 1399 3269 inter

326 3334 397 3377 eum
430 3316 462 3376 et
494 3309 696 3375 Plutarchum
726 3308 919 3375 intercedere
948 3330 1061 3395 negare
1090 3311 1249 3387 nolumus,
1276 3310 1398 3377 fontem

325 3416 486 3483 Plutarchi
507 3436 571 3480 non
591 3415 687 3480 fiusse
709 3414 778 3481 luce
805 3420 853 3481 cst
886 3416 1009 3483 clanim.
1065 3437 1139 3481 uam
1168 3422 1206 3481 ut
1236 3436 1254 3481 e
1288 3416 1396 3482 multis

326 3545 406 3610 quae
434 3523 612 3605 discrepant
640 3521 723 3586 inter
755 3542 808 3587 eos
836 3542 938 3605 pauca
964 3521 1140 3601 afferamus,
1166 3540 1234 3607 cap.
1257 3522 1287 3587 X
1309 3540 1397 3589 come

325 3631 504 3715 alloqqum
528 3650 590 3713 quo
612 3628 776 3697 Marcellus
805 3628 954 3695 Bautium
981 3615 1157 3695 Poenouum
1185 3629 1327 3714 partibus
1347 3629 1396 3696 fa·

324 3743 449 3803 uectem
481 3734 540 3801 sibi
566 3734 754 3811 conciliarit,
788 3734 881 3799 aliter
899 3734 991 3800 finxit
1014 3734 1200 3801 Plutarchus
1222 3741 1319 3819 atque
1340 3735 1395 3805 Li-

323 3846 393 3910 uius
421 3858 488 3929 cap.
518 3840 576 3918 15;
603 3860 669 3924 cap.
699 3842 754 3918 XI,
785 3841 915 3906 10-18
944 3860 983 3907 ex
1011 3843 1215 3926 eruptiones
1244 3842 1395 3909 Marcello

323 3951 407 4019 facta
429 3947 615 4032 perspicitur
636 3948 730 4013 aliam
752 3948 847 4013 hume
869 3948 1029 4031 copiarum
1051 3949 1288 4014 collocationem
1310 3947 1395 4032 apud

323 4054 526 4121 Plutarchum
541 4073 636 4136 quam
651 4053 735 4143 apud
755 4054 881 4119 Liqum
897 4055 938 4118 16
955 4059 984 4137 ἕ.
1001 4054 1037 4132 8;
1049 4074 1128 4139 cap.
1150 4054 1227 4132 XII,
1263 4055 1394 4119 10-12

310 4160 509 4227 'Plutarchus
542 4160 725 4226 Marcellum
757 4167 962 4245 prouocatum
990 4160 1031 4226 ab
1059 4160 1236 4227 Hannibale
1258 4181 1395 4245 pugnam

323 4270 512 4335 detrectasse
544 4267 706 4350 significat,
741 4289 812 4332 cum
846 4268 956 4332 Liuius
983 4268 1028 4332 44
1050 4273 1079 4351 ξ.
1103 4266 1190 4333 3-5
1213 4267 1395 4337 Marcellum

323 4375 486 4459 eruptione
513 4374 597 4439 facta
626 4374 772 4463 atrociter
801 4395 872 4439 cum
894 4367 1071 4439 Hannibale
1092 4394 1248 4458 pugnasse
1269 4380 1377 4444 narrat
1384 4398 1393 4450 ;

324 4504 390 4565 cop.
418 4480 494 4558 XII,
519 4480 561 4543 14
582 4478 767 4545 Plutarchus
791 4478 875 4545 solus
898 4485 1052 4545 memorat
1073 4480 1256 4546 Marcellum
1277 4480 1393 4547 Roma-

322 4608 434 4653 norum
456 4585 576 4670 pedites
599 4586 775 4670 praelongis
799 4586 954 4651 sociorum
975 4586 1135 4652 uenalium
1156 4586 1255 4654 hastis
1277 4587 1393 4653 inatrus

322 4694 412 4756 xisse.
465 4690 520 4755 sed
553 4691 644 4774 longe
674 4692 798 4757 maioris
834 4692 882 4756 his
916 4692 1131 4775 discrepantiis
1163 4694 1313 4757 momenti
1345 4699 1416 4790 est·
