3417 5567
313 892 383 939 moe
406 895 426 940 a
447 874 580 959 pristina
602 874 780 941 sinceritate
802 895 840 940 ac
855 877 1024 943 suauitate
1045 880 1211 955 numerat
1234 877 1389 961 significat

313 982 424 1048 Liuius
448 985 535 1060 XXV,
562 982 619 1060 40,
649 982 774 1066 copiose
803 982 952 1066 explanat
979 982 1166 1049 Plutarchus
1191 986 1271 1050 xxi.
1319 987 1391 1051 tum'

315 1088 512 1154 consentiens
535 1110 607 1153 cum
627 1088 718 1155 Liuio
733 1092 848 1177 (lllllll,
866 1089 924 1175 21)
946 1088 1052 1173 prodit
1073 1090 1256 1155 Marcellum
1276 1092 1387 1157 trium-

313 1196 378 1281 pho
396 1195 428 1281 ²³)
457 1198 581 1278 negato,
610 1196 685 1283 quia
712 1194 851 1261 noudum
880 1194 1073 1261 debellatum
1101 1201 1183 1260 esset
1210 1196 1244 1260 in
1271 1194 1387 1275 Sicilia,

313 1302 348 1365 in
378 1304 486 1366 moute
518 1300 641 1366 Albano
690 1300 899 1385 triumphasse
933 1306 1028 1389 atque
1072 1307 1220 1369 ouantem
1254 1303 1288 1366 in
1319 1320 1387 1369 ‘snr-

314 1408 388 1473 bem
415 1408 550 1472 intrasse
572 1407 690 1493 (llllll).
740 1426 821 1494 quae
843 1427 920 1471 uero
941 1405 981 1471 de
1003 1406 1154 1495 triumphi
1175 1413 1210 1471 et
1229 1407 1387 1473 ouatiouis

313 1513 493 1579 discnmine
523 1533 562 1577 ac
590 1511 630 1577 de
648 1513 773 1578 nomine
796 1512 950 1577 ouationis
972 1512 1119 1577 disseruit
1139 1512 1326 1579 Plutarchus
1348 1534 1389 1579 ex

312 1640 409 1709 opere
437 1620 552 1707 aliquo,
579 1618 671 1706 quod'
691 1618 896 1706 antiquitates
928 1618 1086 1693 Romanas
1114 1619 1388 1707 complectebatur,

311 1727 416 1815 petita
437 1746 506 1791 esse
526 1725 727 1791 manifestum
749 1730 805 1790 est.
834 1730 1017 1790 'accusatus
1038 1746 1115 1790 uero
1135 1726 1251 1791 nimiae
1273 1727 1389 1814 iniqui·

311 1832 391 1898 tatis
418 1852 456 1897 ac
483 1830 677 1896 crudelitatis
699 1851 720 1895 a
741 1829 853 1896 Siculis
876 1830 1043 1896 Marcellus
1065 1831 1134 1919 pari
1155 1832 1250 1898 modo
1272 1854 1388 1917 purger

311 1945 368 2003 tur
389 1958 428 2002 ao
444 1934 595 2007 laudibus
617 1936 792 2002 celebratur
814 1935 867 2023 (cf.
883 1936 1074 2001 mumadam
1087 1936 1237 2003 iudicium
1251 1938 1388 2027 Appiani

312 2044 398 2111 Sicil.
420 2044 442 2107 4
471 2048 503 2108 et
530 2042 662 2109 Diodori
683 2042 793 2127 fragm.
816 2042 889 2108 libri
911 2042 1026 2129 llllVl).
1076 2064 1149 2109 eum
1170 2045 1309 2109 enimse
1332 2044 1387 2110 de·

295 2130 449 2219 'tendisse
471 2150 505 2215 in
526 2156 639 2215 senatu
660 2170 766 2215 coram
781 2148 1069 2228 calumniatoribus,
1090 2149 1269 2217 absolutum
1283 2157 1389 2217 autem

311 2258 439 2328 ueniam
460 2256 639 2345 petentibus
661 2256 815 2339 ignouisse
843 2260 941 2339 atque
968 2256 1129 2344 exquisitis
1154 2256 1326 2323 honoribus
1347 2257 1389 2324 ab

311 2369 351 2433 iis
374 2365 523 2433 affectum
549 2382 615 2427 esse
638 2366 770 2449 uterque
790 2367 899 2427 ramat
932 2361 1029 2449 (Plut
1057 2366 1165 2439 lllllll;
1194 2363 1263 2428 Liu.
1287 2365 1386 2442 lllllll,

311 2472 470 2557 29—32).
519 2467 561 2560 'de
594 2468 721 2551 singulis
756 2472 862 2532 autem
882 2467 941 2532 'ita
969 2467 1053 2532 iuter
1085 2488 1119 2533 se
1141 2468 1330 2553 discrepant,
1352 2473 1390 2534 ut

311 2579 422 2644 Liuius
450 2576 610 2642 Plutarchi
637 2574 707 2641 fons
733 2573 843 2640 haberi
870 2594 935 2639 non
962 2568 1077 2661 possit
1114 2595 1217 2662 neque
1240 2596 1318 2663 opus
1340 2580 1389 2641 est

312 2704 422 2752 omnes
444 2681 670 2769 discrepantias
692 2700 773 2767 quae
795 2680 872 2745 satis
893 2680 1078 2763 conspicuae
1101 2681 1164 2747 sint
1185 2701 1377 2747 enumerare

432 2788 461 2855 A
495 2788 599 2875 eapite
629 2790 852 2853 lllllV-ellllVl
882 2786 1011 2875 propius
1048 2787 1210 2852 Plutarchi
1249 2789 1388 2853 namatio

315 2896 437 2963 accedit
466 2893 507 2959 ad
535 2893 668 2959 Liuium.
706 2914 793 2962 xnem
815 2892 855 2957 de
877 2892 1007 2976 singulis
1028 2892 1123 2958 rebus
1144 2893 1231 2958 domi
1252 2894 1389 2982 bellique

314 3004 395 3069 actis
421 3003 469 3067 ita
496 3000 703 3077 consentiunt,
735 3004 773 3066 ut
794 3020 875 3087 quae
896 2999 995 3064 fusius
1016 2999 1125 3065 Liuius
1147 3002 1292 3089 exposuit
1313 3001 1388 3066 Plu-

314 3109 444 3176 tarchus
466 3109 500 3173 in
527 3107 654 3172 breuius
684 3106 819 3189 coegisse
848 3105 994 3170 audeatur
1023 3105 1109 3192 (Liu.
1134 3110 1257 3185 llllVll,
1285 3109 1388 3184 1-23

315 3216 421 3293 4-53
439 3213 594 3297 12-14).
616 3217 781 3300 praeterea
790 3210 925 3295 insignia
939 3211 1094 3299 quaedam
1106 3198 1190 3277 dicta
1200 3212 1342 3278 Marcelli
1356 3220 1390 3278 et
1434 3245 1443 3274 a

315 3322 504 3389 Hannibalis
532 3317 616 3408 apud
643 3325 809 3406 utrumque
830 3319 877 3384 ita
898 3323 1080 3408 comparata
1102 3324 1185 3396 sunt,
1206 3324 1245 3384 ut
1263 3319 1388 3385 Plutar-

316 3431 395 3495 chus
419 3427 503 3492 Liuii
525 3425 623 3491 uerba
646 3427 776 3491 uertisse
799 3425 952 3491 uideatur.
975 3424 1096 3490 accedit
1117 3425 1202 3513 quod
1225 3426 1293 3513 ipse
1314 3427 1388 3492 Plu-

314 3535 443 3602 tarchus
473 3536 574 3610 XXIV,
602 3531 646 3596 20
673 3532 716 3597 ad
749 3531 875 3599 Liuium
891 3532 1084 3620 prouocauit.
1130 3531 1186 3597 sed
1206 3534 1389 3620 priusquam

315 3640 522 3707 diiudicemus
552 3638 634 3703 hanc
656 3638 891 3726 quaestionem,
913 3638 1009 3728 paulo
1035 3640 1211 3703 accuratius
1232 3639 1389 3704 inlocum

314 3750 349 3814 in
381 3765 443 3835 quo
477 3744 560 3809 Liuii
604 3764 716 3810 nomen
753 3744 901 3809 laudatur
933 3765 954 3809 a
986 3742 1154 3809 Plutarcho
1185 3744 1387 3831 inquiramus.
1521 3750 1530 3765 ‘

314 3859 485 3942 postquam
519 3850 600 3916 euim
633 3849 774 3914 narrauit
805 3849 860 3915 Cn.
892 3849 1039 3917 Fuluium
1070 3850 1287 3938 proconsulem
1317 3872 1388 3915 cum

314 3960 455 4026 exercitu
484 3957 622 4023 deletum
648 3976 716 4025 esse
737 3955 816 4021 haec
837 3956 928 4021 dicit:
953 3954 1102 4043 ἔπεμψεν
1124 3956 1319 4042 (Marcellus)
1342 3959 1388 4033 εἷς

314 4064 444 4155 Ῥώμην
465 4062 635 4151 γράμματα
656 4060 729 4140 τούς
751 4065 882 4139 πολίτας
904 4064 1096 4150 παρακαλῶν
1117 4060 1269 4151 emas·
1293 4062 1388 4141 αὐτὸς

312 4172 374 4260 γὰρ
405 4168 467 4261 ἤδη
501 4173 643 4255 βαδίζειν
674 4165 717 4245 αἶς
749 4168 902 4255 ἀφέλοιτο
933 4166 992 4257 νῆν
1023 4167 1126 4256 χαρὰν
1154 4173 1210 4237 τοῦ
1241 4170 1388 4255 Ἀννίβαν.

311 4420 529 4435 m

422 4546 445 4611 ‘)
464 4546 569 4597 Notatur
591 4543 754 4595 Plutarchum
776 4540 871 4594 referre
893 4544 991 4594 tertium
1013 4543 1162 4608 triumphum
1180 4542 1297 4606 petiuisse
1316 4540 1387 4590 Mar-
1485 4611 1492 4620 Ι

312 4634 405 4688 cellum
433 4636 459 4685 in
488 4648 569 4699 eaque
587 4634 701 4698 opinione
719 4632 829 4697 perstare
851 4632 879 4681 in
902 4646 979 4698 comp.
999 4629 1085 4697 Pelop.
1105 4631 1129 4681 et
1146 4632 1226 4681 Marc.
1245 4628 1292 4688 111,
1311 4626 1387 4678 altero

310 4724 438 4790 triumpho
457 4738 539 4788 neque
558 4722 590 4773 ab
609 4724 661 4787 ipso
681 4736 762 4787 neque
781 4720 813 4771 ab
831 4720 883 4773 ullo
902 4725 1002 4773 auctore
1020 4725 1212 4773 commemorato.
