3417 5567
729 620 771 631 ..
816 583 949 647 24*-

302 793 462 861 Plutarchi
483 793 628 879 proprius
650 813 726 859 esse.
770 792 848 877 quid
870 793 965 877 igitsu
987 790 1188 859 samonum
1210 796 1281 860 est?
1309 794 1377 861 sola

302 900 507 967 frmdameuta
535 906 640 965 cetero
669 905 782 965 ornatu
809 905 915 984 spreto
943 898 1146 965 Plutarchum
1167 920 1185 965 e
1207 901 1299 968 Liuio
1322 924 1377 968 ex-

302 1008 453 1093 cerpsisse
480 1006 521 1072 ab
549 1008 654 1073 animo
682 1006 853 1090 impetrare
882 1026 946 1070 non
973 1026 1137 1089 possumus
1160 1012 1196 1071 ut
1216 1013 1378 1092 putemus3

302 1115 402 1181 multo
429 1134 505 1179 sane
531 1110 726 1197 probabilius
754 1118 803 1177 est
828 1117 1013 1195 argumenta
1041 1133 1080 1177 ex
1108 1115 1264 1181 communi
1290 1115 1379 1180 fonte

302 1228 470 1305 utrumque
497 1219 646 1304 petiuisse
678 1238 718 1283 ac
737 1238 795 1301 pro
824 1238 881 1283 suo
917 1222 1087 1301 utrumque
1121 1217 1246 1306 ingenio
1282 1226 1379 1304 atque

300 1327 405 1394 indole
428 1346 595 1392 exornasse
623 1329 720 1407 atque
748 1323 928 1389 excoluisse.
958 1324 1036 1389 -iam
1073 1345 1149 1391 uero
1186 1328 1214 1392 si
1250 1327 1285 1392 in
1312 1346 1379 1393 me-

302 1436 433 1504 moriam
476 1452 660 1499 reuocamns
709 1430 936 1515 discrepantias
982 1452 1077 1515 supra
1127 1437 1270 1511 notatas,
1308 1434 1378 1516 qui-

303 1542 362 1607 hus
388 1561 464 1606 uum
490 1539 615 1604 Liuium
642 1537 832 1602 Plutarchus
866 1534 1044 1602 adhibuerit
1076 1538 1140 1603 iam
1168 1537 1298 1605 dubium
1320 1545 1378 1616 est,

304 1653 425 1714 certum
446 1645 571 1712 uidetur
593 1642 683 1710 nohis
706 1664 774 1709 esse
796 1664 899 1726 neque
921 1648 1115 1726 argumenta.
1127 1645 1303 1709 orationum
1323 1666 1380 1710 ne-

304 1774 366 1840 que
394 1752 519 1819 omnino
547 1748 720 1833 quidquam
747 1769 766 1814 e
787 1748 879 1813 Liuio
901 1748 1069 1832 sumpsisse
1089 1749 1303 1829 Plutarchum,
1325 1750 1380 1817 sed

304 1865 472 1941 utrumque
495 1877 534 1922 ex
557 1854 666 1921 eodem
689 1855 777 1940 fonte
798 1854 937 1919 hausisse
960 1855 1074 1921 omnia

411 1965 512 2043 Quem
540 1982 736 2029 communem
764 1962 885 2028 fontem
906 1962 1039 2027 Fabium
1060 1963 1215 2029 Pictorem
1236 1963 1331 2029 fuisse
1354 1965 1381 2029 si

307 2093 370 2137 nou
392 2071 456 2135 iam
477 2074 572 2134 antes
587 2068 771 2135 euicerimus
787 2068 884 2135 etiam
905 2089 923 2134 e
944 2069 1042 2136 totius
1066 2071 1254 2136 narrationis
1275 2070 1380 2137 indole

306 2198 421 2261 magna
443 2197 515 2241 cum
536 2175 604 2241 ueri
619 2174 828 2259 vsimilitudine
842 2174 924 2240 effici
945 2176 1053 2260 possit.
1098 2198 1172 2242 nam
1194 2197 1257 2241 nou
1279 2176 1382 2243 minus

307 2304 325 2349 e
352 2282 443 2350 Liuio
471 2302 567 2365 quam
596 2303 613 2347 e
641 2281 810 2347 Plutarcho
838 2283 943 2347 elucet
969 2288 1130 2349 auctorem
1152 2306 1215 2367 quo
1236 2284 1287 2349 usi
1309 2290 1383 2349 sunt

306 2411 357 2456 res
385 2410 466 2473 quae
492 2388 534 2455 ad
560 2374 693 2455 Fabium
720 2389 894 2455 Maximum
916 2395 1061 2474 spectant
1081 2391 1219 2455 maxima
1241 2410 1312 2457 cum
1333 2390 1382 2455 di·

308 2497 437 2581 hgentia
463 2500 497 2559 et
524 2495 640 2559 eximia
661 2515 736 2560 cura
760 2496 940 2579 exposuisse
962 2502 1058 2579 atque
1079 2501 1147 2561 tam
1168 2517 1273 2561 acrem
1294 2495 1382 2562 Fabii

308 2602 504 2669 defensorem
533 2622 571 2665 ac
598 2606 864 2684 propugnatorem
897 2622 931 2665 se
959 2602 1151 2685 praebuisse,
1180 2609 1218 2668 ut
1239 2592 1383 2669 nonnun-

309 2730 404 2795 quam
432 2707 471 2772 de
498 2705 561 2772 fide
589 2707 655 2771 eius
683 2705 819 2772 dubitari
853 2705 976 2773 debeat.
1027 2708 1271 2794 quotiescumque
1298 2709 1381 2776 enim

308 2818 376 2884 fieri
390 2820 497 2900 potest
517 2814 651 2879 uirtutes
674 2835 712 2878 ac
732 2814 845 2879 merita
866 2815 956 2881 Fabii
978 2815 1108 2880 Maximi
1130 2816 1258 2882 summis
1279 2816 1381 2882 laudi·

309 2924 368 2989 bus
397 2920 577 2998 efferuntur,
605 2920 733 2986 Minucii
755 2926 789 2985 ct
809 2920 1056 2986 obtrectatorum
1078 2922 1144 2987 eius
1166 2924 1328 2992 temeritas
1348 2928 1384 2988 et

309 3030 449 3115 prauitas
483 3049 579 3112 quam
613 3028 885 3094 uehementissime
917 3028 1092 3111 corripitur.
1143 3028 1268 3113 prolabi,
1297 3028 1382 3113 quod

311 3136 439 3201 absente
465 3134 563 3199 Fabio
590 3134 744 3199 Minucius
772 3146 843 3199 cum
872 3133 1049 3199 Hannibale
1069 3134 1183 3199 inierat
1204 3139 1237 3199 et
1258 3132 1298 3198 de
1320 3154 1382 3217 quo

269 3287 271 3293 -
310 3241 400 3306 uarie
426 3240 466 3304 ab
496 3239 675 3305 auctoribus
701 3238 874 3305 iudicatum
901 3260 969 3305 csse
996 3260 1015 3303 e
1042 3235 1132 3305 Liuio
1156 3240 1303 3306 discimus
1325 3240 1384 3327 (24

312 3355 340 3432 ξ.
371 3346 505 3431 8-14),
533 3350 640 3411 noster
668 3350 777 3411 auctor
804 3345 876 3411 eam
903 3345 1030 3411 exhibet
1058 3337 1280 3424 narrationem,
1302 3366 1384 3431 quae

312 3452 398 3519 laudi
420 3451 510 3517 Fabii
532 3472 627 3533 quam
648 3452 775 3517 minime
796 3451 895 3516 officit
915 3450 1044 3516 Minucii
1066 3452 1197 3535 gloriam
1214 3451 1383 3517 imminuit.

312 3559 479 3643 probatem
501 3555 634 3644 denique
656 3578 695 3623 ac
715 3556 877 3623 laudatam
900 3576 972 3623 esse
989 3557 1175 3641 pmdcntem
1197 3558 1288 3624 Fabii
1309 3557 1384 3625 belli

313 3664 440 3749 gerendi
467 3664 621 3730 rationem
648 3664 690 3729 ab
717 3665 785 3749 ipso
808 3665 954 3742 Minucio,
977 3666 1032 3748 qui
1053 3664 1269 3730 acerbissimus
1292 3670 1387 3730 antea

314 3771 512 3837 aduersarius
534 3771 604 3857 eius
623 3769 736 3848 iuerat,
759 3790 824 3853 qua
845 3770 989 3835 ubertate
1011 3776 1045 3835 et
1066 3770 1223 3836 suauitate
1245 3769 1386 3855 depingi·

314 3876 381 3943 turl
426 3876 500 3941 talis
528 3896 602 3941 uero
630 3876 770 3941 narratio
792 3877 842 3941 cui
867 3876 972 3961 aptius
993 3876 1090 3941 tribui
1110 3877 1211 3961 possit
1233 3896 1327 3959 quarn
1349 3875 1385 3953 Q.

246 4026 252 4031 -
315 3982 413 4049 Fabio
447 3983 579 4059 Pictum,
613 3982 866 4051 Fabii.Maximi
898 3983 1007 4066 gentili
1040 3988 1136 4071 atque
1163 3982 1296 4069 eeqrmh,
1324 4002 1387 4070 quo

316 4090 471 4156 neminem
519 4089 696 4153 accinctius
739 4088 865 4153 nouisse
913 4107 964 4153 res
1006 4088 1047 4154 eb
1089 4088 1144 4154 illo
1184 4093 1289 4171 gestas
1332 4092 1388 4153 aut

316 4195 432 4261 maiore
467 4194 673 4259 admiratione
706 4193 884 4278 amplexum
910 4214 977 4261 esse
1007 4201 1040 4260 et
1067 4193 1268 4277 descripsisse
1295 4184 1386 4261 iacile

317 4297 520 4383 intellegitur!

423 4404 573 4471 Venimus
606 4404 649 4471 ad
688 4426 813 4490 pugnae
849 4404 1020 4471 Cannensis
1053 4405 1291 4490 descriptionem
1328 4404 1389 4492 (Pl.

319 4510 537 4597 XIV-XVI),
560 4533 732 4601 quaecum
753 4511 884 4598 Polybio
898 4511 1016 4579 nullam
1038 4533 1184 4596 magnam
1206 4534 1278 4577 cum
1299 4512 1390 4577 Liuio

320 4617 554 4684 similitudinem
583 4618 689 4697 habet,
718 4624 754 4683 ut
781 4618 981 4683 manifestum
1008 4617 1050 4684 sit
1070 4623 1128 4683 aut
1148 4616 1351 4683 Plutarchum
1374 4638 1391 4681 e
