3417 5567
750 645 970 713 ..40-

321 856 375 929 καὶ
395 859 493 927 ταῦτα
514 854 577 941 μὲν
598 853 619 925 ὅ
637 856 758 943 Λίβιός
779 878 881 949 papam
898 859 1146 944 ἀναγνωσθέντα
1167 858 1206 926 τὰ
1228 858 1399 948 γράμματα

322 961 366 1054 μή
393 965 450 1054 τῆς
475 962 583 1053 λύττης
609 962 740 1049 ἀφελεῖν
747 1014 757 1046 ,
786 962 870 1033 ἀλλὰ
902 967 946 1054 τῷ
966 962 1062 1053 φόβῳ
1093 971 1286 1052 προσθεῖναι
1293 1018 1304 1049 ,
1335 969 1402 1035 τῶν·

276 1085 281 1094 “
322 1066 489 1153 Ῥωμαίων
517 1076 630 1153 μεῖζον
654 1065 841 1159 ἡγουμένων
869 1073 925 1138 τοῦ
953 1070 1116 1155 γεγονότος
1145 1070 1184 1141 ω’
1215 1071 1397 1141 minuend-

322 1198 420 1259 μενον
446 1171 511 1262 ὅσω
543 1176 709 1260 Φουλβίου
736 1179 883 1262 κρείττων
908 1159 949 1267 ἦν
976 1175 1176 1264 Μάρκελλος.
1221 1184 1319 1266 atque
1345 1200 1396 1247 re-

322 1282 425 1370 spexit
457 1281 642 1349 Plutaehus
671 1281 713 1350 ad
731 1282 828 1349 ,Liuii
853 1284 958 1352 lemrm
994 1284 1117 1361 xxvii
1138 1287 1179 1351 2:
1207 1286 1396 1363 „Mareellus

279 1408 283 1415 ¹
322 1390 401 1457 nihil
427 1386 597 1456 admodum
618 1392 709 1457 tants
731 1386 820 1455 elada
842 1390 971 1456 territus
991 1389 1104 1455 litteris
1126 1391 1260 1457 Romam
1280 1393 1322 1458 ad
1344 1412 1394 1459 se

322 1500 443 1563 natum·
455 1494 495 1561 de
509 1492 594 1563 duee
627 1500 661 1561 et
690 1496 830 1562 exercitu
850 1495 893 1561 ad
913 1495 1113 1562 Herdoneam
1133 1499 1248 1566 amisse
1271 1498 1395 1567 scribit:

322 1608 461 1670 aeterum
488 1600 622 1669 eundem
650 1622 693 1679 se,
710 1602 780 1689 οιαὶ.
793 1608 866 1689 pest
887 1601 1081 1672 Cannensem
1102 1624 1241 1691 pugnam
1261 1606 1397 1674 femeem

321 1709 454 1777 uiatoria
468 1708 679 1777 Hannibalem
694 1709 897 1787 contudisset,
919 1711 966 1776 ire
980 1710 1132 1776 aduersus
1163 1732 1245 1789 aum,
1268 1713 1396 1782 breuem

321 1815 368 1883 illi
389 1814 640 1902 laetitiamque
670 1816 816 1893 exsultet,
843 1816 1009 1881 faeturmn.
1060 1830 1095 1883 et
1115 1822 1240 1883 Romae
1263 1823 1397 1901 quidem

324 1930 398 1989 enm
421 1926 674 2001 aetermam
698 1944 746 1987 aa·
763 1930 955 2003 praeterito
967 1934 1039 1988 tum
1062 1930 1163 1988 timer
1184 1930 1220 1989 iu
1239 1928 1396 2004 netarum
1457 1995 1461 2004 ,

323 2036 429 2095 erat.“
459 2026 548 2093 uides
569 2048 682 2114 parum
696 2033 841 2093 securata
863 2028 1067 2095 Plutarehum
1090 2023 1280 2095 sententiam
1299 2052 1395 2118 quam

323 2132 451 2201 exhibet
470 2132 586 2199 *Liuius
614 2134 802 2221 expressisse
828 2139 924 2221 atque
951 2134 1072 2201 timarm
1099 2154 1227 2201 eausam
1258 2136 1305 2201 ita
1338 2158 1395 2203 an·

323 2240 476 2317 nexuisse,
498 2238 635 2305 etiami
646 2260 715 2305 esse
725 2240 880 2317 uideatur,
898 2260 1088 2327 quamquam
1095 2240 1218 2307 nullum
1229 2242 1296 2308 eius
1311 2242 1395 2329 apud

322 2346 456 2415 Limum.
475 2350 525 2412 est
546 2347 725 2429 uestigium.
752 2346 809 2411 tali
830 2345 952 2412 inerma
974 2366 1048 2412 eum
1068 2367 1161 2413 usum
1180 2368 1248 2414 esse
1269 2348 1302 2414 in
1322 2348 1396 2415 red-
1430 2410 1434 2413 .

323 2453 433 2520 dandis
462 2452 597 2519 sliemm
629 2458 793 2518 austerum
824 2452 901 2518 loeis
929 2451 988 2518 ,ubi
1021 2451 1065 2519 ad
1094 2452 1179 2536 ipses
1211 2454 1396 2525 nominatim

322 2564 475 2645 prouocat
500 2558 615 2625 mirum
643 2565 698 2625 est.
751 2559 845 2625 etiam
874 2558 975 2641 magis
1002 2563 1109 2625 autem
1136 2564 1183 2625 est
1205 2560 1319 2627 mirum
1340 2567 1396 2630 aut

323 2667 455 2751 cogitari
484 2666 539 2731 uix
571 2670 676 2749 petest
707 2685 779 2731 eum
807 2668 949 2757 nestrum
977 2664 1083 2729 laeum
1109 2669 1176 2734 tam
1197 2665 1396 2749 neglegenter

322 2772 505 2851 reddidisse,
528 2772 559 2837 si·
575 2771 701 2837 Liuium
721 2772 755 2836 in
776 2776 846 2837 teta
865 2790 971 2837 rerum
993 2771 1171 2839 mmatiene
1191 2773 1395 2857 praeeipuam

323 2884 482 2959 auctorem
507 2878 669 2945 halrrdsset
697 2899 735 2943 aa
749 2876 955 2961 ,pedetentim
986 2883 1020 2942 et
1050 2884 1118 2948 tam
1138 2885 1285 2945 accurate
1304 2900 1395 2947 seeu-

322 2995 374 3055 tus
403 2993 494 3053 esset.
542 2985 644 3051 multo
672 3006 749 3051 sane
769 2986 837 3051 ueri
859 2985 990 3055 similius
1014 2989 1064 3051 eat
1082 2986 1287 3053 Plutamhum
1307 2987 1395 3055 illam

323 3096 406 3163 Liuii
438 3092 626 3159 sententiam
658 3112 697 3159 ex
729 3093 880 3159 memoria
912 3090 1071 3169 mutare,
1105 3086 1185 3158 sient
1207 3097 1301 3159 antea
1323 3113 1395 3160 eum

324 3201 424 3267 simile
456 3199 605 3265 iudicium
637 3200 719 3265 Liuii
752 3204 816 3267 non
848 3200 952 3265 minus
987 3199 1187 3285 neglegenter
1222 3201 1397 3267 narrationi

325 3330 400 3374 suaa
434 3306 583 3372 adiecisse
617 3306 766 3374 euiaimus
798 3310 831 3370 et
864 3312 938 3371 mox
965 3326 1037 3371 enm
1057 3306 1127 3389 ipso
1149 3305 1240 3372 Liuio
1261 3327 1327 3373 non
1347 3307 1395 3374 in·

325 3420 431 3499 specto
459 3415 492 3479 in
520 3434 657 3483 errorem
684 3414 739 3497 qui
761 3413 903 3478 massari
925 3435 989 3479 non
1012 3418 1117 3497 potest
1138 3412 1285 3479 incidisse
1306 3413 1394 3482 uide·
1499 3449 1503 3466 ι

324 3522 427 3589 bimus
455 3523 567 3608 (xxx,
597 3520 665 3604 20).
699 3514 755 3585 'ita
777 3524 883 3585 autem
905 3520 933 3584 si
954 3520 1130 3597 statuimus,
1154 3526 1396 3587 consentaneum

324 3634 373 3693 est
399 3632 573 3692 ceterarum
599 3648 705 3693 rerum
730 3632 929 3693 narratarum
956 3626 1075 3692 fontem
1102 3649 1165 3693 non
1193 3628 1319 3693 Liuium
1340 3626 1397 3693 sed

326 3734 423 3799 alium
435 3734 717 3799 austeremduiase.
741 3732 958 3799 similitudines
967 3755 1043 3799 uero
1065 3754 1146 3817 quae
1167 3734 1250 3797 inter
1271 3732 1396 3799 Liuium

326 3845 359 3904 et
390 3840 593 3904 Plutarehum
624 3840 822 3921 intercedunt
853 3838 949 3903 etiam
976 3860 994 3904 e
1021 3841 1177 3905 eommuni
1199 3838 1241 3905 ab
1262 3845 1396 3923 utroque

325 3944 491 4028 diligenter
516 3951 668 4031 usurpato
696 3946 782 4011 iente
810 3963 902 4029 pesse
925 3949 1011 4011 ortas
1033 3966 1100 4011 esse
1122 3966 1215 4011 neme
1237 3967 1301 4012 non
1322 3966 1396 4011 eon-
1442 3965 1446 3973 ·

326 4051 425 4116 eadat
469 4050 525 4115 sed
553 4057 628 4116 sunt
655 4052 751 4117 etiam
778 4052 893 4135 quibus
921 4050 1052 4134 suspitio
1075 4074 1171 4135 qnam
1192 4052 1396 4119 excitauimus

325 4162 485 4240 augeatur.
531 4178 568 4221 aa
595 4158 730 4240 primum
752 4178 833 4241 quse
855 4155 1042 4223 Plutarchus
1064 4163 1137 4241 post
1158 4157 1303 4223 aeerbam
1325 4178 1396 4223 era-

326 4263 453 4339 tionem‚
482 4284 545 4345 qua
572 4264 738 4329 Marcellus
765 4265 879 4329 milites
907 4264 1007 4329 altero
1036 4264 1087 4328 die
1108 4265 1140 4328 in
1162 4264 1268 4347 fugam
1290 4285 1397 4331 uersos

327 4368 528 4450 surripuerat,
546 4369 604 4435 sub
611 4370 705 4436 finem
720 4392 787 4455 cap.
804 4369 894 4435 XXV
922 4368 1062 4434 exhibet:
1086 4371 1118 4436 δί
1137 4365 1158 4436 ἃ
1180 4372 1309 4437 πολλῶν
1330 4368 1397 4438 ἀπὸ

325 4476 379 4566 τῆς
401 4472 509 4565 μάχης
530 4474 734 4553 ἐπικινδύνως
756 4478 809 4543 καὶ
831 4474 977 4565 πωνήρως
1001 4472 1139 4557 ἐχόντων
1161 4474 1278 4542 οὐδένα
1301 4476 1397 4560 φασὶν

328 4574 364 4648 ὃν
386 4583 418 4647 αλ
433 4583 625 4664 Μαρκέλλου
642 4566 736 4667 ’λόγου
757 4584 818 4649 ταῖν
833 4578 1018 4666 τραυμάτων
1034 4578 1108 4663 οὐχὶ
1121 4583 1245 4665 μᾶλλον
1259 4576 1398 4671 ἤλγυναν

328 4708 390 4751 nen
406 4687 544 4751 inuenies
568 4687 651 4769 apud
674 4687 807 4753 Liuium.
854 4685 965 4754 deinde
987 4685 1215 4771 discrepantiae
1242 4687 1398 4769 quaedam
