3417 5567
744 648 1089 717 —35-l

308 864 408 949 ipsius
441 863 601 931 Plutarchi
636 863 849 930 testimonium
886 862 960 948 (XI,
998 862 1153 946 22···27).
1197 867 1380 946 campest-⁴

310 990 407 1053 quam
443 975 481 1034 ut
516 970 580 1035 iam
611 969 788 1037 monuimus
830 968 871 1034 de
908 968 1034 1039 aciebus
1071 968 1232 1036 monens
1268 990 1288 1033 a
1325 961 1380 1033 Li-

310 1078 362 1143 uio
406 1075 592 1143 dissentiens
636 1076 830 1158 eruptionem
869 1096 889 1140 a
927 1074 1079 1141 Marcelle
1122 1075 1155 1142 in
1190 1076 1296 1144 hostes
1331 1074 1380 1140 ia·

310 1188 394 1249 ctam
431 1182 575 1249 narrauit
604 1184 656 1247 ita·
687 1182 804 1266 pergit:
854 1185 1016 1265 Λέγονναι
1047 1179 1106 1267 γὰρ
1145 1177 1229 1265 ὑπὲρ
1266 1204 1379 1247 πεννα-

307 1289 484 1371 κισχιλίοος
505 1286 695 1369 ἀποθανεῖν,
717 1287 902 1355 ἀποκτεῖναι
921 1283 959 1352 δὲ
980 1282 1147 1371 Ῥωμαίων
1168 1284 1208 1354 οὐ
1230 1287 1380 1360 πλείονας

308 1392 331 1485 ἢ
353 1397 590 1469 aecumenicae.
628 1388 667 1459 ‘0
689 1391 726 1461 δὲ
748 1397 868 1479 Λίβιος
890 1389 973 1460 οὕτω
995 1390 1056 1477 μὲν
1078 1390 1117 1460 οὐ
1140 1393 1380 1477 διαβεβαιοῦται

306 1504 461 1585 γενέσθαι
481 1497 622 1589 μεγάλην
643 1486 739 1589 ἧνται
760 1496 839 1566 οὐδὲ
852 1506 962 1567 πεσεῖν
974 1500 1104 1582 aanor
1125 1496 1294 1577 τοσούτοις
1318 1485 1380 1565 aab

307 1608 483 1690 πολεμίοιν,
504 1607 595 1681 κλέος
617 1602 654 1671 δὲ
668 1608 751 1690 μέγα
764 1606 944 1692 Μαρκέλλῳ
966 1604 1019 1671 καὶ
1033 1600 1202 1689 Ῥωμαίοις
1225 1603 1262 1671 ἐκ
1275 1607 1380 1673 κακῶν

306 1710 432 1799 θάρσος
459 1706 524 1779 ἀπὸ
545 1711 600 1801 cipe
627 1708 733 1799 μάχης
761 1705 882 1798 ἐκεῖνος
916 1706 1055 1795 ὑπάρξαι
1082 1709 1287 1795 θαυμαστὸν,
1316 1711 1378 1794 οὐχ

308 1815 352 1894 οἷς
375 1815 455 1905 πρὸς
477 1811 604 1902 ἄμαχον
627 1813 704 1883 otoo
723 1814 890 1906 ἀοίννητον,
912 1814 995 1883 ἀλλά
1014 1842 1045 1883 ιι
1065 1817 1117 1884 καὶ
1140 1823 1263 1886 παθεῖν
1282 1816 1377 1887 δονά-

305 1948 405 2009 μινον
423 1924 698 2007 διαγωνιζομένοις
726 1924 893 2006 πολέμιον.
942 1924 1080 2007 respexit
1114 1929 1220 1991 autem
1252 1926 1377 1992 Plutar-

307 2032 385 2097 chus
414 2030 456 2095 ad
481 2029 550 2095 liu.
577 2026 706 2114 xxm,
728 2029 770 2093 16
793 2033 822 2111 ξ.
845 2028 991 2093 15-16:
1015 2029 1090 2106 „uix
1112 2030 1256 2114 equidem
1278 2033 1379 2100 atesim

306 2138 464 2203 affirmare
491 2134 577 2219 quod
605 2134 736 2219 quidam
766 2140 908 2207 auctores
935 2139 1010 2199 srmt
1031 2134 1094 2201 duc
1115 2136 1202 2202 milia
1223 2144 1255 2203 et
1277 2140 1378 2205 cotim

305 2248 418 2327 gentos
450 2240 588 2307 hostium
619 2257 726 2311 eucscs
757 2262 820 2305 non
853 2240 925 2324 plus
957 2240 1133 2324 quingentis
1166 2242 1378 2312 Romanorum

306 2349 438 2417 amissis.
478 2347 540 2413 sed
572 2348 639 2415 siue
670 2352 760 2413 muta
788 2347 854 2413 siue
881 2346 983 2411 minor
1009 2347 1141 2412 sidona
1167 2347 1237 2428 fuit,
1268 2353 1377 2439 ingens

306 2478 346 2524 eo
374 2455 424 2523 die
444 2442 502 2521 'res
530 2474 567 2520 ae
594 2455 698 2521 neseio
721 2476 762 2519 an
786 2454 923 2521 maxima
943 2453 998 2519 illo
1020 2453 1103 2521 bello
1124 2461 1214 2538 gesta
1234 2458 1291 2524 sit:
1314 2482 1377 2527 non

307 2563 393 2629 uinci
419 2561 502 2627 enim
530 2560 569 2645 ab
597 2560 774 2627 Hannibale
801 2559 997 2627 educentibus
1024 2560 1180 2632 difficilius
1201 2564 1264 2633 fuit
1281 2585 1377 2651 quum

306 2675 418 2755 postea
443 2669 600 2735 νοννιηιλ
624 2719 628 2728 .
650 2690 721 2744 cum
747 2668 843 2752 igitur
869 2690 910 2733 ne
928 2688 1099 2763 caesorum
1121 2670 1248 2753 quidem
1268 2696 1377 2741 nume-

306 2796 379 2842 rum
401 2776 455 2859 qui
475 2776 509 2839 in
532 2772 642 2862 eodem
663 2775 746 2843 Liuii
765 2775 915 2841 lccoerat
930 2795 1087 2859 u--neque
1107 2796 1272 2845 numerum
1292 2783 1377 2865 apud

306 2882 432 2949 linium
457 2887 645 2965 corruptum
679 2901 762 2959 esse,
795 2889 986 2965 quamquam
1017 2887 1157 2950 exhema
1188 2882 1249 2951 loci
1280 2889 1377 2956 uerba

307 2992 456 3072 corrupta
477 3000 543 3056 e'sse
565 2988 628 3053 iam
649 2986 768 3051 dudum
791 2988 949 3070 cognitum
970 2991 1028 3064 est,
1049 2988 1116 3056 ulla
1128 2981 1303 3059 scama
1321 3014 1378 3061 cur
1436 3060 1444 3075 ,

307 3096 499 3179 suspicemur
522 3132 564 3143 -
596 3095 751 3179 receperit
770 3093 967 3170 Plutarchus,
995 3098 1086 3177 patet
1109 3114 1134 3165 ,e
1158 3095 1249 3163 Liuio
1267 3098 1377 3166 solam

306 3202 403 3269 illam
421 3201 608 3267 sententiam
633 3184 765 3284 petitam
792 3219 869 3276 esse,
897 3220 1062 3267 caesorum
1087 3206 1193 3269 autem
1213 3223 1377 3273 nummum

307 3309 504 3375 conminus
536 3312 633 3392 quani
663 3313 799 3375 ceteram
825 3307 873 3373 rei
893 3312 1000 3390 gestae
1020 3308 1232 3375 narrationem
1253 3331 1293 3377 ex
1314 3314 1378 3380 alio

306 3414 393 3481 fonte
416 3418 542 3498 sumpta
564 3434 641 3479 esse.
697 3434 734 3481 ac
766 3412 848 3477 Liuii
876 3412 974 3480 uerba
995 3434 1035 3477 ne
1055 3414 1237 3497 inspexisse
1250 3418 1377 3501 quidem
1454 3424 1456 3426 ’

307 3538 379 3589 cum
399 3522 504 3587 locum
530 3522 619 3588 illum
641 3520 765 3605 scripsit
787 3519 843 3587 sed
865 3540 905 3585 ex
925 3522 1074 3594 memoria
1095 3521 1267 3591 reddidisse
1289 3525 1377 3593 uide·

307 3632 360 3694 tur
381 3627 577 3705 Plutarchus,
601 3627 676 3711 qnia
690 3648 801 3710 parum
817 3632 962 3693 acurrate
977 3627 1043 3691 eius
1065 3628 1253 3695 sententiam
1273 3635 1377 3697 trans·

307 3734 390 3811 tulit,
413 3733 479 3799 alia
498 3733 628 3813 addidit,
645 3734 707 3799 alia
728 3733 865 3801 inuertit.
888 3733 1011 3800 etiamsi
1026 3739 1168 3801 extrema
1182 3734 1265 3801 Ltuii
1279 3737 1378 3805 uerba

306 3861 371 3905 non
391 3840 458 3905 iam
477 3840 599 3924 integra
621 3846 704 3917 sunt,
726 3845 833 3907 tamen
855 3860 952 3923 quam
972 3842 1159 3935 sententiam
1180 3844 1378 3926 proposuerit

306 3945 419 4015 litoius·
437 3965 500 4011 non
520 3951 626 4029 potest
640 3945 768 4013 dubium
783 3966 859 4011 esse.
904 3946 1059 4017 eratione
1078 3947 1165 4012 talis:
1188 3969 1272 4025 „non
1293 3951 1377 4017 runci

306 4052 391 4119 enim
405 4050 446 4117 ab
462 4050 639 4119 Hannibale
648 4051 790 4140 uincelre
806 4050 1015 4139 disce]ntibus
1032 4045 1188 4119 difficilius
1203 4053 1263 4119 fuit
1279 4077 1374 4139 quam

306 4162 417 4243 postea
438 4158 600 4236 uincere‚“
629 4158 709 4225 sicut
736 4157 929 4241 Madwigius
956 4159 1075 4227 emend.
1103 4158 1172 4224 Liu.
1201 4180 1272 4244 pag.
1301 4163 1376 4240 262,

306 4264 394 4333 auth
408 4264 580 4347 proposuit.
603 4262 654 4332 ab
673 4284 737 4347 qua
757 4263 927 4346 plmimum
949 4262 1066 4330 distare
1088 4284 1170 4347 quae
1191 4264 1378 4337 Plutarchus

306 4367 437 4440 exhibet
454 4369 653 4437 manifestum
675 4374 731 4435 est.
759 4408 804 4418 -
824 4388 927 4452 neque
954 4370 1053 4453 magis
1074 4369 1238 4454 Polybium
1258 4371 1377 4454 fontem
1439 4356 1443 4359 ⁴

305 4474 467 4549 Plutarchi
492 4474 598 4554 iniisse,
626 4494 816 4561 quamquam
843 4475 947 4559 ipsum
969 4474 1009 4539 de
1030 4476 1079 4541 his
1101 4474 1194 4540 rebus
1217 4479 1377 4549 considere

306 4580 396 4655 nobis
425 4601 489 4646 non
517 4580 600 4661 lieet,
622 4582 708 4655 haud
730 4580 824 4647 dubie
846 4581 1003 4665 colligitur
1024 4596 1064 4647 ex·
1086 4602 1124 4648 eo
1146 4582 1230 4664 quod
1251 4584 1377 4648 Plutar-

307 4687 383 4759 cbm
412 4687 528 4753 iustam
556 4686 640 4773 apud
669 4687 782 4758 Nolam
804 4686 972 4758 uictoriam
989 4687 1172 4755 Marcellum
1194 4687 1233 4752 de
1256 4689 1376 4759 Hanni·

1135 4795 1164 4847 3.
1336 4807 1347 4850 3
