3417 5567
736 654 955 723 -39-

306 886 376 934 mos
398 890 419 935 a
439 868 572 953 pristina
594 870 772 935 sinceritate
794 889 834 935 ac
847 870 1017 937 suauitate
1037 873 1203 949 auemret
1225 871 1381 955 significat

307 976 417 1042 Liuius
440 980 527 1055 XXV,
554 976 611 1055 40,
641 977 766 1060 copiose
795 977 944 1061 explanat
971 976 1158 1043 Plutarchus
1183 980 1264 1044 lllll.
1311 980 1382 1045 turn

308 1083 505 1149 consentiens
527 1104 599 1148 cum
620 1082 710 1148 himo
725 1086 841 1171 (xxvi,
857 1083 916 1169 21)
938 1082 1045 1168 prodit
1065 1083 1248 1150 Marcellum
1268 1085 1379 1151 trium-

307 1189 371 1275 pho
388 1189 421 1274 ³)
450 1193 573 1272 negato,
602 1190 677 1277 quia
704 1188 843 1255 nondum
872 1189 1066 1255 debellamus
1093 1195 1176 1254 esset
1202 1190 1236 1254 in
1263 1188 1379 1269 Sicilia,

307 1296 340 1360 in
370 1298 478 1360 monte
511 1294 633 1361 Albano
682 1295 892 1379 triumphasse
925 1297 1020 1383 atqiie
1064 1301 1212 1362 ouantem
1246 1296 1280 1359 in
1312 1314 1379 1363 'sur-

309 1402 381 1467 hem
408 1402 542 1467 intrasse
565 1402 682 1487 (llllll).
733 1420 813 1489 quae
835 1421 912 1466 nero
933 1399 975 1466 de
995 1400 1146 1489 triumphi
1167 1407 1202 1466 et
1222 1401 1379 1468 orationis

307 1507 485 1573 discrimine
516 1527 554 1571 ac
582 1505 765 1571 denomino
788 1506 942 1571 ouatiouis
964 1506 1111 1572 dissentit
1132 1506 1318 1573 Plutarchus
1340 1528 1381 1572 ex

307 1634 402 1703 opere
430 1614 545 1701 aliquo,
572 1611 663 1700 quod'
683 1612 889 1699 antiquitates
920 1612 1078 1688 Romanas
1106 1613 1381 1701 complectebatur,

306 1722 409 1809 petita
430 1740 499 1785 esse
518 1719 720 1785 manifestum
742 1725 798 1784 est.
842 1724 1009 1785 accusatus
1031 1739 1108 1784 uero
1127 1719 1243 1785 nimiae
1265 1720 1381 1808 iniqui-

306 1827 384 1893 tatis
410 1846 449 1891 ac
476 1824 669 1891 crudehtatis
692 1845 712 1890 a
734 1823 846 1890 Siculis
868 1824 1035 1890 Marcellus
1057 1825 1128 1913 pari
1147 1825 1243 1892 modo
1264 1847 1380 1911 purga-

306 1939 361 1997 tur
382 1952 420 1997 ac
437 1928 587 2001 laudibus
609 1931 785 1995 celebratur
806 1929 860 2017 (cf.
876 1931 1067 1995 contrarim
1079 1930 1229 1997 iudicium
1243 1932 1380 2021 Appiani

306 2039 390 2106 Sicil.
413 2039 435 2102 4
463 2042 496 2103 et
523 2036 655 2102 Diodori
676 2036 786 2121 fragm.
809 2035 882 2101 libri
904 2036 1019 2122 xxvi).
1069 2057 1142 2103 eum
1163 2038 1302 2103 enimse
1324 2038 1380 2104 de·

291 2126 442 2213 ‘tendisse
463 2144 497 2209 in
519 2149 631 2209 senatu
653 2164 759 2209 coram
774 2142 1062 2221 calumniatoribus,
1083 2143 1262 2210 absolutum
1276 2150 1381 2211 autem

305 2253 432 2322 ueniam
453 2249 632 2339 petentibus
653 2250 809 2333 ignouisse
835 2254 933 2333 atquo
961 2249 1123 2338 exquisitis
1147 2250 1318 2318 honoribus
1339 2250 1381 2317 ab

305 2362 345 2427 iis
367 2359 516 2427 affectum
541 2376 607 2421 esse
630 2360 763 2443 uterque
783 2361 891 2421 narrat
924 2355 1022 2443 (Plut
1050 2358 1157 2433 lllllll;
1187 2356 1256 2421 hin.
1280 2359 1379 2436 xxvl,

305 2465 463 2551 29-32).
512 2463 554 2555 de
586 2462 714 2545 singulis
748 2466 854 2528 autem
886 2460 934 2526 ita
962 2461 1046 2526 inter
1078 2482 1112 2527 se
1134 2461 1323 2546 discrepant,
1344 2466 1383 2527 ct

305 2573 415 2638 Liuius
443 2568 604 2637 Plutarchi
629 2568 700 2635 fons
726 2567 836 2635 haberi
863 2588 928 2633 non
954 2568 1063 2656 possit
1107 2588 1210 2657 neque
1232 2589 1311 2657 opus
1332 2574 1383 2635 est

307 2698 416 2745 omnes
438 2676 663 2763 fflscrepantm
685 2694 765 2762 quae
787 2674 864 2739 satis
886 2674 1071 2757 conspicuae
1093 2675 1157 2743 sint
1177 2694 1370 2740 enumerme

426 2782 455 2849 A
488 2782 592 2870 capite
622 2785 844 2847 lxlv-exalt
875 2780 1004 2869 propius
1041 2780 1203 2846 Plutarchi
1241 2783 1381 2847 namahc

308 2890 431 2958 moedis
459 2888 501 2953 ad
527 2888 661 2955 Limum.
698 2908 786 2956 «nam
808 2886 848 2951 de
870 2886 1001 2970 singulis
1021 2886 1116 2953 rebus
1136 2887 1224 2953 domi
1245 2888 1382 2975 bellique

267 2984 271 2991 ’
308 2998 389 3063 actis
415 2996 462 3061 ita
489 2994 696 3071 consentiunt,
728 2997 765 3060 ut
787 2995 875 3081 quae
888 2993 989 3058 hmine
1010 2993 1118 3059 Liuius
1139 2996 1284 3083 exposuit
1305 2995 1381 3060 Plu·

309 3104 438 3171 tarchus
460 3103 492 3168 in
520 3101 647 3167 breuius
676 3101 812 3183 coegisse
840 3098 987 3165 mdeatur
1016 3100 1103 3186 (Lim
1126 3104 1249 3179 xxva,
1278 3103 1381 3178 1-23

309 3210 415 3287 4-5;
432 3208 587 3292 12-14).
609 3211 774 3295 praeterea
783 3206 918 3289 insignia
931 3204 1087 3293 quasdam
1099 3192 1183 3271 dicta
1193 3205 1335 3272 Marcelli
1348 3214 1383 3272 et
1427 3238 1436 3267 ι

309 3317 497 3383 Hannibalis
525 3314 608 3402 apud
635 3319 802 3401 utriumque
823 3314 870 3378 ita
891 3316 1074 3401 comparata
1095 3317 1178 3390 sunt,
1199 3318 1238 3378 ut
1256 3313 1381 3379 Plutar-

311 3425 390 3490 chus
412 3422 495 3487 Liuii
518 3419 616 3486 uerba
639 3421 770 3487 uertisse
792 3419 945 3485 uideatm.
968 3419 1090 3485 aoecdit
1109 3419 1195 3507 quod
1218 3420 1286 3507 ipse
1307 3422 1381 3486 Plu-

309 3530 437 3597 tarchus
465 3531 567 3605 ΧΧΝ,
595 3526 639 3591 20
666 3526 709 3591 ad
741 3526 869 3593 Liuium
885 3527 1078 3614 prouocauit
1123 3526 1179 3590 sed
1200 3528 1382 3615 priusquam

309 3634 515 3701 diiudicemus
545 3633 627 3699 hanc
649 3633 885 3721 quaestionem,
906 3632 1002 3722 paulo
1028 3634 1204 3698 accuratius
1225 3632 1382 3698 inlocum

309 3744 343 3808 in
374 3760 437 3829 quo
471 3739 553 3803 Liuii
596 3758 710 3805 nomen
746 3738 894 3803 laudatur
926 3759 947 3803 a
978 3736 1148 3803 Plutarcho
1178 3739 1380 3825 inquiramus.
1514 3744 1523 3759 ‘

309 3853 479 3936 postquam
511 3846 594 3909 enim
625 3844 767 3909 narrauit
798 3842 853 3911 Gn.
885 3843 1032 3911 Fuluium
1062 3844 1280 3932 proconsulem
1311 3866 1382 3909 cum

309 3955 449 4020 exercitu
478 3952 615 4018 deletum
641 3972 709 4019 esse
730 3950 809 4016 hacc
830 3950 922 4015 dicit:
946 3948 1095 4038 ἔπεμψεν
1116 3950 1313 4036 (Marcellus)
1335 3953 1381 4027 είς

309 4058 438 4149 Ῥώμην
459 4056 628 4146 γράμματα
649 4054 722 4135 τούς
745 4059 875 4133 πολίτας
897 4059 1090 4142 παρακαλῶν
1110 4054 1262 4145 talieta·
1286 4057 1381 4135 αὐτὸς

308 4166 368 4255 γὰρ
399 4162 461 4256 ἤδη
495 4168 636 4250 βαδίζειν
667 4160 710 4239 ὥς
742 4162 895 4249 ἀφέλοιτο
926 4160 986 4251 τὴν
1016 4161 1119 4250 χαρὰν
1147 4167 1203 4231 τοῦ
1233 4164 1381 4249 Ἀννίβου.

307 4415 522 4432 nna—*n—

416 4540 439 4604 ’λ
458 4541 562 4591 Notatur
584 4538 748 4590 Plutarchum
770 4534 864 4589 referre
887 4538 984 4589 tertium
1006 4536 1155 4603 triumphum
1173 4536 1291 4600 petiuisse
1309 4536 1380 4584 Mar·
1478 4604 1485 4615 ἰ

308 4628 400 4683 cellum
427 4630 453 4680 in
481 4642 562 4695 eaque
580 4628 694 4693 opinione
712 4628 822 4692 perstare
844 4626 872 4676 in
895 4640 973 4692 comp.
992 4622 1078 4691 Pclcp.
1098 4624 1123 4675 et
1139 4626 1219 4675 Marc.
1238 4623 1286 4682 111,
1305 4621 1381 4673 altero

307 4718 432 4784 triumpho
451 4732 532 4783 noque
551 4716 584 4768 ab
602 4719 655 4783 ipso
674 4732 755 4782 neque
774 4715 806 4766 ab
825 4715 876 4767 ullo
895 4719 995 4767 auctore
1013 4718 1205 4767 commemorato.
