3417 5567
750 640 969 707 „28..

329 848 423 917 fidem
445 850 561 919 addere
583 856 617 919 et
642 870 744 941 aeque
764 859 862 941 atque
875 802 979 919 antea
996 848 1197 919 Plutarchum
1219 857 1251 917 et
1273 850 1396 919 linium

327 957 467 1023 eFabie
487 958 612 1025 Pictore
631 961 781 1040 hausisse,
803 961 967 1046 Polybium
987 980 1062 1026 uero
1083 961 1117 1025 in
1137 960 1198 1025 hae
1219 980 1326 1109 pugna
1339 960 1395 1025 de-

327 1063 493 1131 scribenda
515 1065 637 1152 longius
659 1068 700 1133 ab
721 1088 760 1133 eo
780 1068 953 1139 mosaicae

342 1236 346 1241 ⁴
432 1207 561 1285 Quae
552 1232 584 1273 1n
615 1208 765 1293 proximis
799 1208 1056 1300 capitibust
982 1208 1056 1275 Plut
1057 1206 1169 1273 archus
1199 1209 1328 1297 exponit
1355 1207 1395 1272 de

325 1315 557 1401 perturbatione
578 1315 697 1381 Romae
719 1321 789 1381 orta
815 1318 912 1381 allato
944 1317 1052 1381 nuntio
1076 1314 1245 1381 Cannensis
1268 1316 1394 1381 calami-

326 1421 401 1485 tatis
440 1427 472 1486 et
510 1420 549 1486 de
577 1422 808 1502 emolumentis,
843 1442 923 1511 quae
949 1420 1107 1487 Hannibal
1135 1442 1152 1485 e
1180 1422 1312 1487 uictoria
1338 1424 1394 1489 illa

325 1527 508 1614 perceperit,
537 1548 595 1593 nec
624 1526 802 1616 discrepant
823 1550 844 1593 a
865 1526 956 1593 Liuio
980 1548 1038 1593 nec
1060 1527 1228 1611 singularia
1250 1528 1394 1594 similitu-

234 1665 238 1678 ·
326 1629 407 1696 dinis
434 1631 550 1699 indicia
576 1634 744 1721 praebent,
779 1656 796 1699 e
831 1634 944 1725 quibus
977 1632 1118 1699 hausisse
1145 1632 1348 1700 Plutarchum
1376 1658 1393 1701 e

325 1736 417 1804 Liuio
446 1740 761 1806 concludendumt
720 1741 769 1807 sit.
820 1743 928 1829 itaque
952 1740 1083 1806 eandem
1105 1760 1200 1828 quam
1222 1746 1315 1808 antea
1337 1742 1393 1809 ob

192 1864 197 1876 '
326 1846 519 1912 seruauimus
550 1848 704 1912 rationem
735 1849 817 1913 inter
848 1868 901 1913 eos
928 1846 1119 1921 intercedere
1147 1844 1308 1943 probabile
1336 1856 1392 1915 est.

325 1947 451 2016 Liuium
479 1958 585 2018 autem
611 1954 745 2020 Fabium
772 1954 841 2021 Pict
827 1962 927 2020 torem
956 1960 1115 2020 auctorem
1136 1954 1280 2023 habuisse
1308 1954 1392 2021 haud

326 2058 390 2122 scio
420 2078 462 2123 an
492 2060 590 2124 conici
612 2061 711 2147 possit
733 2081 772 2126 ex
794 2082 841 2139 eo,
866 2059 949 2149 quod
970 2066 1037 2125 tam
1059 2067 1202 2127 accurate
1223 2060 1331 2127 Liuius
1353 2063 1392 2129 de

326 2160 424 2229 Fabio
446 2162 569 2230 Pictore
591 2166 693 2253 legato
715 2164 853 2255 Delphos
876 2167 970 2231 misso
991 2173 1023 2231 et
1038 2166 1077 2231 de
1090 2187 1239 2256 responso
1260 2167 1393 2235 Romam

326 2270 367 2337 ab
390 2292 427 2336 eo
449 2270 549 2337 relato
571 2273 637 2356 agit
659 2272 773 2360 (XXII,
797 2272 851 2351 573
872 2272 990 2353 XXIII,
1014 2274 1080 2358 11).
1111 2274 1239 2357 insignis
1254 2276 1392 2341 Marcelli

326 2382 359 2442 et
380 2376 471 2443 Fabii
492 2377 622 2443 Maximi
645 2380 835 2468 comparatio
847 2378 880 2464 *)
909 2398 948 2443 ex
969 2380 1066 2469 ipsius
1089 2380 1248 2445 Plutarchi
1269 2383 1392 2467 ingenio

325 2484 474 2549 manauit.
518 2485 767 2550 narratiunculas
794 2505 871 2550 uero
898 2484 1011 2572 quibus
1037 2484 1128 2550 Fabii
1155 2486 1331 2553 humanitas
1353 2488 1392 2554 il-

326 2592 478 2655 lustratur
510 2594 592 2678 (cap.
614 2588 689 2680 XX)
724 2592 792 2658 aliis
825 2591 1003 2658 auctoribus
1033 2612 1065 2656 se
1088 2591 1200 2657 debere
1223 2595 1289 2678 ipse
1309 2594 1391 2661 indi-

326 2718 397 2763 care
411 2697 537 2763 uidetur
552 2699 670 2763 uerbis:
692 2700 814 2783 λέγεται
835 2697 889 2781 δὲ,·
911 2696 1083 2783 ταῦταμὲν
1105 2682 1162 2767 οὖν
1183 2702 1254 2791 περὶ
1276 2700 1392 2769 τούτων

327 2805 493 2892 ἱστοροῦσι.
538 2825 639 2887 neque
660 2804 768 2870 Liuius
791 2805 889 2870 ullam
913 2826 1019 2869 earum
1042 2806 1230 2871 mentionem
1252 2807 1334 2873 iecit.

430 2945 529 3013 Paulo
557 2948 678 3033 longius
708 2953 918 3015 commoratur
944 2948 977 3013 in
1005 2946 1207 3013 describenda
1234 2968 1393 3033 expugna-

326 3053 411 3119 tione
434 3053 561 3119 Tarenti
584 3054 848 3141 (XXI—XXHI).
894 3074 931 3119 ac
952 3054 1057 3137 plures
1073 3074 1144 3120 eum
1164 3053 1224 3119 hoc
1245 3055 1322 3120 loeo.
1336 3078 1393 3121 an-

325 3166 428 3227 oteres
451 3161 640 3253 consuluisse
660 3166 750 3245 patet
770 3181 810 3226 ex
833 3181 887 3239 eo,
916 3159 1001 3243 quod
1023 3159 1177 3242 duplicem
1199 3159 1238 3225 de
1265 3161 1394 3248 muliere

327 3288 408 3351 quae
434 3266 513 3333 Brut
499 3268 592 3333 ttium
626 3267 782 3356 quendam
809 3266 851 3332 ad
879 3266 1073 3350 prodendam
1095 3265 1203 3355 urbem
1195 3268 1395 3393 3perlerrisse

327 3374 441 3438 dicitur
467 3374 586 3442 famam
612 3374 718 3459 prodit
748 3373 847 3464 (XXI,
876 3374 935 3439 23
964 3375 1061 3443 ταῦτα
1087 3369 1149 3455 μὲν
1171 3397 1229 3441 ουν
1251 3377 1283 3441 οἱ
1306 3377 1404 3443 πλεῖ-Ι

231 3523 237 3532 ‹
327 3497 395 3545 στοι
416 3477 574 3567 γράφουσι
595 3479 668 3565 περὶ
690 3477 817 3547 τούτων
841 3477 920 3547 ἔνιοι
943 3476 1027 3547 ota.
1050 3503 1074 3543 τ.
1097 3479 1152 3559 ιι).
1175 3479 1230 3544 sed
1252 3480 1295 3545 ad
1315 3503 1395 3565 quos

327 3592 468 3653 auctores
495 3587 714 3671 prouoceuerit
742 3586 897 3671 explorari
925 3607 987 3651 non
1013 3590 1133 3671 potest,
1163 3586 1238 3671 quia
1258 3586 1394 3675 Polybio

327 3716 391 3760 non
413 3694 578 3779 superstite
600 3692 744 3777 Appiano
766 3692 883 3780 (Hann
898 3693 956 3777 49)
979 3697 1012 3755 et
1032 3691 1154 3773 Zonara
1177 3692 1246 3778 (IX,
1269 3691 1305 3779 5)
1327 3714 1394 3760 rem

326 3799 426 3885 magis
459 3798 683 3886 attingentibus
717 3821 813 3884 quam
847 3798 1072 3883 explicantibus
1105 3820 1176 3863 cum
1209 3797 1275 3865 solo
1304 3798 1395 3867 Liuio

432 4154 457 4220 ⁸)
479 4152 642 4207 Plutarchum
664 4169 720 4221 cap.
743 4154 808 4208 XIX
825 4170 874 4210 non
896 4154 975 4219 magis
993 4150 1090 4205 uerbis:
1113 4150 1202 4227 ὥσπερ
1220 4154 1250 4206 ἐν
1266 4156 1396 4227 τοῖςπερὶ

329 4239 411 4296 αὐτοῦ
432 4245 634 4317 γεγραμμένοις
653 4245 753 4316 εἴρηται
772 4258 850 4311 quem
873 4258 928 4309 cup.
950 4242 1030 4295 XXII-
1051 4240 1148 4293 uerbis:
1170 4238 1207 4299 ὥς
1222 4245 1251 4295 ἐν
1268 4244 1396 4313 τοῖςπερὶ

328 4333 429 4384 ἐκείνου
452 4331 602 4402 γέγραπται
620 4332 713 4396 (agitur
734 4336 840 4398 utroque
858 4330 913 4383 loco
936 4331 968 4382 de
987 4328 1119 4395 Marcello)
1137 4346 1187 4383 non
1205 4336 1330 4385 aucorem
1347 4330 1395 4383 ali-

329 4436 403 4488 quem
424 4422 468 4488 qui
490 4418 641 4486 peculiarem
663 4420 696 4471 ds
717 4419 840 4473 Marcello
863 4420 974 4473 libellum
998 4422 1124 4486 scripserit
1144 4418 1261 4480 laudare,
1284 4419 1330 4473 sed
1351 4434 1396 4473 nos

328 4510 362 4560 ad
378 4510 456 4575 ipsius
473 4508 549 4559 ιιιιοιι
568 4508 685 4561 Marcelli
704 4511 769 4575 (cap.
788 4510 884 4571 131x3
903 4508 978 4574 XXI)
997 4524 1116 4561 reuocare
1133 4510 1159 4560 in
1177 4513 1262 4575 aperto
1282 4513 1325 4562 eet.
1351 4508 1393 4561 sed

329 4615 361 4650 ex
380 4613 410 4649 eo
427 4598 494 4664 quod
512 4600 538 4654 ie
556 4600 609 4649 uita
626 4596 698 4649 Fabii
715 4600 823 4651 Maximi
841 4597 937 4663 relegat
954 4599 1071 4649 adultam
1083 4596 1200 4651 Marcelli
1217 4595 1332 4649 concludi
1340 4600 1395 4663 pot-

328 4690 366 4737 est
388 4700 444 4737 eum
465 4687 542 4737 uitam
564 4686 681 4738 Marcelli
702 4688 773 4753 prins
795 4689 962 4753 composuisse
985 4701 1060 4755 qnam
1081 4690 1158 4739 uitem
1176 4685 1254 4743 Fabii.
