3417 5567
748 650 967 717 ,10-

320 860 485 947 lybio'sed
506 865 729 945 pugnentcum
749 880 798 929 eo.
841 882 917 929 nm
936 882 1007 932 oum
1027 860 1175 949 Polybius
1194 863 1394 947 blaruininrrrr

319 967 375 1037 ubi
388 966 526 1055 undique
541 986 610 1034 sese
624 966 868 1035 dmuuuenbrm
881 986 951 1033 esse
965 967 1169 1051 cognordssct,
1184 972 1392 1063 διιςχρησωό-

320 1072 1393 1161 mmmmmeotmaisseunumacinim-

319 1180 471 1267 pouidrun
491 1181 559 1246 eius
579 1179 718 1247 animum
744 1184 842 1268 etque
863 1181 988 1266 egregia
1008 1181 1199 1249 fortitudinis
1222 1185 1392 1270 specimina

318 1287 362 1357 ab
380 1308 421 1354 eo
443 1286 530 1355 odite
550 1286 720 1371 praedict
764 1285 877 1353 duodo
899 1292 1045 1355 cabirum
1065 1288 1136 1369 loci,
1163 1291 1252 1357 erius
1274 1291 1391 1363 dosui-

319 1395 460 1481 ptionem
479 1415 499 1461 o
519 1393 650 1479 Polybio
670 1399 828 1479 sumptam
847 1414 917 1460 esse
938 1415 959 1461 a
979 1394 1071 1462 Ir'oio
1098 1395 1317 1464 Iaeburonnus
1342 1398 1392 1477 Π,

317 1501 364 1569 44
384 1506 420 1568 et
438 1499 472 1567 0.
494 1500 625 1568 Peterus
645 1521 677 1584 p.
699 1501 742 1567 32
764 1500 934 1580 affimant
957 1502 1048 1568 aliter
1061 1502 1170 1570 lituus
1191 1509 1225 1571 et
1244 1504 1391 1591 Polybius

223 1647 229 1666 ‚
319 1608 509 1693 cogitetione
528 1606 713 1674 informare
726 1606 804 1673 mibi
823 1607 979 1674 indentur.
1008 1608 1138 1695 Polybio
1159 1611 1243 1677 enirn
1264 1617 1392 1679 auctore

319 1714 751 1803 (ospssillperengostum
784 1711 907 1781 editum
939 1714 1114 1781 asinim
1140 1718 1316 1803 praeruptis
1336 1738 1392 1783 ru·

320 1819 860 1909 pibusadextmlocuolousum
902 1820 1120 1888 intrumsin
1152 1822 1276 1903 pallein,
1309 1843 1392 1913 quoe

214 2005 216 2010 ¹
319 1929 479 2016 utrimque
504 1926 578 1993 eltis
604 1925 762 1993 monbbus
790 1931 900 2011 saepta
926 1947 947 1993 u
971 1926 1078 1994 fronte
1113 1928 1234 2015 tumulo
1266 1930 1300 1995 in
1327 1952 1391 2021 quo

320 2034 479 2103 Hannibal
501 2039 605 2100 castre
624 2038 774 2118 poscunt
792 2032 1020 2101 intercludite.
1059 2034 1132 2101 buio
1153 2035 1214 2101 loci
1228 2036 1302 2103 situi
1317 2044 1392 2123 apte

319 2141 488 2228 respondet
504 2140 665 2225 copiarum
685 2140 859 2225 dispositio.
904 2142 1014 2207 castis
1037 2142 1120 2207 enirn
1141 2140 1308 2209 aduersum
1322 2143 1392 2211 edi·

319 2256 388 2317 m
420 2246 580 2314 collocetis
602 2246 837 2313 Baliaroscum
858 2244 1010 2331 expeditis
1031 2246 1189 2313 Hannibal
1209 2249 1244 2313 in
1264 2248 1391 2317 datos

319 2359 442 2421 montes
462 2352 570 2430 mittit,
592 2352 713 2441 equites
735 2357 769 2418 et
789 2350 894 2418 &ltus
916 2373 974 2437 per
994 2352 1101 2422 beuos
1121 2353 1168 2420 ita
1182 2354 1332 2435 extendit,
1354 2362 1391 2422 ut

278 2536 283 2543 ,
320 2460 452 2528 noemi
471 2478 570 2544 prope
590 2459 710 2525 aditum
732 2457 833 2526 abditi
854 2458 984 2525 lateant.
1027 2464 1096 2525 turn
1121 2461 1257 2545 primum
1277 2482 1390 2546 sgmen

320 2568 531 2634 Romanorum
550 2566 585 2631 in
605 2564 721 2630 uellem
740 2565 914 2648 ingroesum
935 2564 975 2633 ab
990 2570 1124 2653 utroque
1144 2566 1243 2632 latere
1264 2565 1315 2654 (ἐκ
1329 2568 1391 2635 scio

321 2672 478 2759 πλαγίων)
498 2670 641 2737 hostibus
666 2691 706 2735 ex
726 2670 847 2737 insidiis
870 2671 1144 2756 prorumpentibus
1166 2673 1316 2752 caeditur,
1338 2694 1390 2739 re-

320 2780 420 2846 licuus
441 2799 517 2844 uero
538 2778 693 2843 exercitus
719 2776 753 2841 in
779 2776 848 2861 ipso
877 2776 965 2842 aditu
992 2778 1104 2844 clecu
1125 2784 1158 2845 st
1189 2778 1319 2864 rupibus
1340 2781 1390 2845 in-

321 2887 425 2953 clusus
446 2885 542 2951 etiam
563 2884 685 2951 foedius
704 2885 796 2968 perit
817 2884 865 2949 ita
885 2884 981 2949 etiam
1005 2885 1059 2973 qui
1080 2886 1114 2951 in
1135 2885 1219 2950 ualle
1243 2885 1389 2952 medae

321 3000 412 3061 erem
434 2995 602 3080 (numerus
628 3012 700 3055 cum
727 2990 819 3055 Liuio
847 2992 1022 3076 consentit)
1044 2976 1246 3076 segregantur
1271 2991 1313 3059 ob
1340 2993 1388 3070 iis,

320 3101 376 3190 qui
395 3099 430 3164 in
449 3096 592 3163 faucibus
611 3096 804 3162 interierunt.
826 3136 871 3145 —
894 3096 1062 3163 secundun
1082 3097 1208 3164 Liuium
1228 3118 1305 3166 uero
1325 3120 1388 3165 non

320 3202 1394 3273 solmeditussedtotauallisabalterolcterelceuabaltero

320 3310 480 3379 montibus
511 3310 647 3395 cingitur
674 3309 727 3397 (ci
742 3311 773 3375 4.
788 3316 819 3394 g.
834 3311 872 3375 3:
894 3316 931 3376 ut
971 3309 1026 3375 ubi
1059 3310 1230 3377 intrassent
1260 3311 1392 3377 Romani

321 3418 428 3485 clausa
449 3416 555 3483 omnic
582 3416 654 3481 lecu
681 3436 719 3481 ac
744 3416 903 3481 montibus
935 3421 1056 3493 ossent3
1077 3416 1159 3500 4.,ξ.
1182 3416 1218 3482 5:
1269 3417 1393 3484 Poenus

320 3524 376 3590 ubi
407 3522 530 3588 boetem
562 3522 703 3587 clausum
723 3522 795 3587 lecu
822 3542 862 3587 ec
893 3522 1052 3589 montibus
1083 3522 1209 3600 babuit3
1242 3522 1272 3588 5.
1295 3529 1325 3607 ᾖ.
1348 3523 1391 3588 6:

320 3631 362 3697 cb
384 3629 534 3696 lateribus
563 3633 685 3693 montes
712 3648 751 3693 ac
776 3627 875 3707 locus,
903 3649 924 3693 a
950 3628 1053 3694 fronte
1080 3633 1114 3694 et
1139 3634 1228 3713 tergo
1254 3628 1393 3695 hostium

321 3737 404 3803 ecies
419 3734 602 3811 claudebat;
624 3735 654 3799 6.
676 3740 706 3817 g.
729 3734 767 3800 ὗε
788 3752 848 3800 nec
869 3739 990 3800 montes
1011 3754 1070 3801 nec
1090 3734 1178 3801 locus
1200 3733 1392 3820 obstabant).

320 3862 480 3931 nunquarn
500 3846 622 3907 montes
644 3839 746 3905 dextri
767 3846 801 3907 st
821 3840 939 3906 sinistfi
959 3845 997 3905 ut
1017 3862 1039 3905 c
1059 3839 1189 3927 Polybio
1212 3840 1392 3907 discernun-

321 3958 381 4016 tur.
426 3948 477 4014 coi
497 3947 559 4014 loci
579 3947 779 4031 descriptioni
800 3946 897 4032 etiam
910 3946 1071 4031 copiarum
1092 3946 1255 4013 collocatio
1269 3966 1393 4013 nouom·

320 4055 448 4122 modata
470 4061 527 4120 est.
571 4055 638 4139 ipse
659 4054 817 4119 Hannibal
835 4054 870 4118 in
885 4052 994 4119 castis
1016 4054 1050 4119 in
1064 4059 1174 4139 aperto
1194 4053 1306 4119 locetis
1320 4073 1391 4119 cum

264 4234 267 4242 ,
321 4162 404 4229 Afris
426 4161 634 4249 Hispanmue
656 4159 803 4238 considit,
830 4159 971 4225 Baliares
994 4165 1191 4249 ceteramque
1216 4158 1319 4225 leuem
1340 4179 1393 4224 er-

321 4273 477 4335 neuram
497 4273 570 4351 post
590 4273 712 4333 montes
732 4266 950 4345 ommutuit,
979 4267 1100 4357 equites
1121 4287 1185 4333 non
1207 4286 1265 4351 per
1284 4265 1393 4332 lccuos

320 4379 443 4443 montes
465 4373 521 4439 sed
542 4373 584 4439 ed
606 4375 691 4459 ipsus
712 4373 818 4439 scucos
839 4372 968 4438 tumulis
995 4378 1068 4458 epte
1101 4372 1277 4459 tegentibus
1298 4373 1392 4439 locut.

322 4479 435 4547 deinde
455 4500 519 4545 nou
541 4479 642 4547 solum
661 4480 796 4566 primurn
817 4498 929 4563 agmen
958 4478 1013 4544 sed
1039 4484 1142 4545 toturn
1167 4478 1337 4545 exercitum
1358 4479 1392 4544 in

321 4586 437 4653 callen
462 4586 596 4653 mirasse
629 4592 662 4653 et
689 4586 814 4653 omnino
841 4584 902 4651 XV
928 4584 1016 4651 milia
1042 4570 1134 4653 caesa
1168 4604 1236 4651 esse
1274 4590 1391 4651 uenat

322 4692 486 4759 Iiuianam
507 4693 602 4775 igitur
621 4693 682 4760 loci
702 4692 950 4776 descriptionem,
973 4712 1067 4779 quam
1088 4690 1278 4777 Polybiauee
1298 4711 1394 4776 repu-
