3417 5567
757 660 975 727 ..32-

331 872 576 938 demonstratum
604 871 645 935 sit
665 871 726 936 hoc
753 870 821 937 loco
845 872 962 955 optimo
984 872 1053 937 iure
1075 872 1234 951 conicitur,
1257 895 1399 959 praeser-

331 979 389 1043 tim
411 998 482 1043 cum
499 1000 660 1061 nunquam
680 979 762 1043 inter
785 1001 817 1043 se
840 978 1034 1057 dissentiant,
1058 978 1098 1045 ab
1120 979 1273 1064 Eutropio
1295 988 1401 1047 autem

331 1085 467 1172 pendere
501 1084 644 1150 Orosium
676 1086 729 1169 qui
762 1086 862 1151 multo
896 1087 994 1151 fusius
1027 1108 1077 1152 res
1108 1088 1287 1171 exposuerit
1316 1088 1401 1152 credi

331 1214 395 1258 non
422 1191 530 1277 possit.
581 1196 676 1275 atque
704 1212 767 1256 non
795 1192 896 1256 solum
918 1212 999 1275 quae
1023 1193 1165 1258 sanauit
1186 1193 1293 1258 Liuius
1315 1215 1400 1259 sum-

332 1299 441 1365 matim
474 1296 620 1375 referunt,
655 1297 710 1362 sed
745 1298 838 1362 etiam
865 1298 949 1362 unde
977 1298 1117 1363 hauserit
1139 1320 1178 1364 ea
1199 1299 1312 1365 docent
1333 1322 1399 1366 nos.

333 1405 372 1471 de
394 1405 513 1489 ingenti
534 1403 616 1467 enim
644 1402 718 1468 belli
741 1409 896 1488 apparatu
917 1403 1103 1469 disserentes
1125 1404 1264 1470 adiciunt
1285 1406 1401 1471 Eutro-

331 1514 416 1598 pius:
445 1510 678 1593 „traditumque
705 1514 753 1575 est
776 1529 796 1573 a
817 1507 915 1574 Fabio
937 1509 1089 1575 historico'
1107 1511 1162 1594 qui
1196 1511 1225 1576 ei
1246 1511 1329 1577 bello
1350 1513 1400 1577 in-

332 1610 480 1695 erlinus
493 1616 636 1681 Orosius:
660 1616 763 1694 „sicut
780 1616 903 1680 Fabius
918 1615 1086 1681 historicus
1106 1618 1163 1700 qui
1192 1618 1295 1683 eidem
1316 1617 1399 1684 bello

332 1720 681 1805 interluit‘soripsie“1=
698 1727 896 1811 nouantem
914 1723 1016 1806 ipsius
1036 1721 1127 1788 Fabii
1148 1720 1279 1789 Pictoris
1301 1745 1400 1791 anna·

331 1832 377 1896 les
404 1850 458 1896 eos
486 1825 667 1913 inspexisse}
695 1828 750 1893 sed
775 1826 980 1894 nomenoius
1001 1849 1019 1893 e
1041 1829 1134 1894 linio
1150 1832 1400 1916 transscripsisse

334 1955 425 2003 nemo
446 1956 510 2001 non
528 1936 694 2018 intellegit.
743 1936 807 2000 iam
829 1953 905 2001 uero
926 1951 998 1999 eum
1010 1935 1159 2001 ‘Zonarae
1179 1936 1306 2003 uberior
1326 1923 1400 2003 belli

334 2041 671 2126 descriptio-:concinat
695 2046 728 2105 et
767 2046 918 2124 congruat
948 2062 1020 2106 cum
1041 2039 1192 2126 Eutropio
1218 2048 1253 2108 et
1280 2042 1399 2122 Oresio,

333 2150 388 2215 uix
410 2146 547 2213 dubiteui
563 2143 668 2230 potest
686 2146 762 2231 quin
778 2147 859 2211 litem
882 2146 1100 2225 Dioeassius,
1123 2168 1216 2231 quem
1239 2151 1401 2234 exscripsit

333 2257 480 2332 Zonaras,
503 2259 602 2337 atque
620 2254 727 2318 Liuius
749 2249 1051 2337 Fabium·Pietorem
1066 2259 1226 2320 auctorem
1246 2253 1399 2321 habuerit.

333 2362 374 2427 ab
402 2361 462 2426 hac
487 2380 572 2424 uero·
590 2357 735 2425 tFebiena
753 2360 939 2455 >narratione
965 2370 1157 2447 quamquam
1182 2381 1276 2449 saepe
1302 2362 1403 2451 pluri-¹

333 2487 420 2534 mum
431 2468 528 2532 distet
539 2467 694 2551 Polybius,
705 2464 737 2553 ³¹)
750 2466 1012 2532 tamen'Pebiem
1026 2467 1185 2532 Pictorem·
1202 2467 1256 2533 ab'
1266 2488 1304 2533 eo
1326 2488 1400 2533 con·

334 2575 561 2639 summense·
575 2574 736 2639 numellis
759 2590 839 2662 quae
862 2573 1043 2660 conspirent
1063 2592 1136 2637 oum
1158 2574 1270 2639 ceteris
1291 2581 1400 2641 eucte-

264 2766 269 2783 *
333 2682 419 2747 esus
452 2680 606 2765 tumus,
638 2680 697 2765 aa)
728 2680 963 2746 aasentias
991 2662 1033 2770 ἦν
1060 2680 1115 2751 ee
1145 2677 1335 2764 napaeas
1364 2679 1400 2748 e

335 2792 512 2872 συμβαῦνον
532 2793 603 2863 τοῖς
618 2784 656 2853 tio
678 2784 764 2873 αὐτῷ
786 2789 828 2875 eoi
850 2788 949 2873 καιρῷ
971 2784 1217 2871 oecumenium
1238 2787 1403 2871 significari

333 2893 466 2959 uidetur.
495 2925 539 2943 -·-
566 2889 615 2956 hie
642 2892 818 2980 explanatis
847 2891 990 2979 quidde
1016 2892 1183 2958 Plutarcho
1205 2892 1405 2959 iudicandum

335 3002 376 3065 sit
397 2999 567 3064 uideamus.
613 3018 650 3063 ac
672 2990 836 3083 Polybium
851 2998 977 3085 quidem
997 2998 1115 3063 lenem
1137 3000 1203 3065 eius
1225 3022 1288 3065 non
1309 3001 1404 3066 fuisse

334 3110 367 3172 in
389 3112 499 3195 aperto
518 3112 585 3184 est,
614 3108 688 3195 quia
713 3108 815 3173 multa
835 3106 903 3171 fuse
925 3111 1035 3170 narrat
1054 3105 1249 3183 Plutarchus,
1272 3126 1404 3193 quorum

334 3212 454 3278 nullum
468 3212 552 3301 apud
567 3211 730 3296 Polybium
744 3218 793 3277 est
807 3211 986 3294 uestigium,
1008 3211 1102 3275 etde
1116 3211 1295 3277 Mediolano
1309 3216 1403 3300 capto

302 3348 305 3353 ·
336 3341 435 3405 aeque
450 3325 544 3407 atque
560 3319 654 3383 ceteri
669 3324 812 3383 auctores
824 3318 969 3383 dissentit
984 3318 1026 3382 ab
1042 3338 1087 3382 eo.
1121 3317 1277 3383 simillima
1299 3323 1404 3383 autem

334 3433 408 3492 sunt
430 3446 510 3514 quae
529 3424 714 3489 Plutarchus
736 3422 878 3511 prodidit
897 3424 927 3487 ei
948 3422 1254 3511 belli‘desoriptioni,
1278 3444 1404 3507 queme

335 3534 435 3599 tribus
450 3532 511 3597 illis
526 3531 706 3596 auctoribus
721 3552 828 3595 eruere
851 3551 889 3595 ac
911 3526 1085 3595 Fabianam
1107 3530 1209 3595 dicere
1230 3550 1402 3617 possumus.

335 3662 409 3705 nem
430 3634 549 3705 muuin
565 3644 716 3725 quantum
739 3638 895 3702 consentit
916 3634 956 3701 de
978 3636 1186 3702 Gaesatorum
1208 3636 1333 3701 nomine
1354 3637 1403 3701 in·

335 3744 540 3835 terpretendo
559 3764 629 3808 cum
652 3743 771 3821 (hosio,
794 3742 833 3808 de
854 3743 973 3826 ingenti
994 3742 1228 3829 perturbatione
1250 3747 1283 3807 et
1304 3762 1403 3831 eppa·

336 3857 407 3917 ratu
428 3851 639 3917 Romanorum
662 3873 733 3916 cum
754 3850 906 3928 omnibus,
927 3851 969 3914 de
989 3848 1080 3915 Gallo
1103 3856 1136 3914 et
1158 3850 1260 3928 Galla,
1283 3850 1404 3915 Graeco

336 4082 547 4095 muna.

347 4216 350 4223 ,
442 4188 466 4263 f)
484 4190 539 4240 Non
563 4171 689 4241 conciliari
716 4190 818 4254 possunt
839 4202 894 4238 cun
917 4186 1005 4239 ceteris
1028 4185 1171 4237 sudoribus
1193 4202 1259 4254 quae
1281 4187 1404 4256 Polybius

337 4276 368 4329 de
386 4280 473 4343 prinis
488 4276 589 4343 proeliis
605 4278 634 4329 ll
654 4276 760 4329 Aemilio
777 4276 850 4342 Papo
868 4274 896 4328 G.
915 4274 992 4327 Atilio
1007 4275 1107 4340 Regulo
1125 4290 1186 4327 coss
1207 4277 1340 4328 conules
1357 4291 1403 4329 ex·

336 4366 425 4433 posuit,
443 4370 494 4419 tum
512 4382 561 4417 non
579 4366 687 4417 secundo
710 4366 754 4417 sed
777 4367 847 4417 tertio
865 4363 926 4415 belli
943 4373 1008 4415 armo
1024 4364 1149 4415 Romame
1166 4367 1234 4414 uuus
1251 4364 1350 4419 Padum
1367 4365 1404 4415 le·

337 4457 423 4521 gioncs
444 4454 546 4525 duxisse
568 4454 648 4505 tradit.
689 4452 722 4503 ab
745 4444 795 4505 solo
819 4453 927 4519 denique
951 4450 1066 4517 Scipione
1084 4450 1186 4503 absente
1205 4452 1327 4504 Marcello
1344 4454 1404 4504 Me·

337 4543 461 4595 dislauum
482 4526 651 4611 expugnatum
675 4558 728 4594 csse
745 4540 812 4593 haud
831 4544 882 4593 seio
901 4558 933 4591 en
952 4536 1109 4606 Scipionibus
1126 4539 1241 4592 fauturus
1259 4545 1404 4597 uaneuerit.

337 4636 465 4697 praeterea
477 4635 536 4699 quie
548 4630 579 4683 de
591 4632 666 4683 rebus
676 4628 776 4681 Gallicis
794 4624 983 4698 κεφαλαιωδῶς
1007 4628 1051 4695 (ΙΙ,
1071 4630 1115 4692 14)
1143 4629 1310 4681 tautummodo
1328 4643 1404 4695 agere

338 4720 387 4772 sibi
405 4724 564 4787 proposuerat
581 4718 656 4771 nnllte
675 4720 818 4784 perstrinxit
835 4722 878 4768 aut
899 4718 985 4769 omisit.
