3417 5567
698 652 971 767 ,5¹⁴³-

321 865 560 954 populatoribns
586 866 767 952 praebuisse
800 848 993 950 lenibusque¹
1006 864 1226 932 cemammibus
1254 864 1398 931 adsuefe-

322 978 402 1041 cisse
423 976 567 1040 territum
587 973 726 1059 pristinis
759 973 900 1039 cladibus
932 973 1079 1052 militem,
1111 973 1214 1038 minus
1241 972 1305 1037 iam
1325 977 1397 1037 tan·

322 1082 395 1148 dem
417 1089 473 1148 aut
493 1082 621 1146 uirtutis
636 1085 693 1145 aut
707 1080 851 1146 fortunae
867 1081 1026 1164 paenitere
1042 1100 1126 1145 suae.
1170 1078 1258 1143 uides
1273 1078 1398 1144 Liuium

321 1210 386 1254 non
413 1187 578 1253 dissentire
606 1186 795 1271 aPolybio,
827 1186 883 1253 sed
906 1208 1087 1264 causarum,
1115 1185 1228 1270 quibus
1249 1184 1397 1270 Polybius

319 1294 454 1359 Fabium
481 1294 653 1359 adductum
687 1314 755 1359 esse
784 1293 826 1358 ad
846 1292 926 1360 illud
948 1293 1111 1359 consilium
1132 1292 1292 1381 exposuit,
1317 1311 1397 1356 non-

320 1401 424 1465 nullas
446 1401 596 1478 omisisse,
620 1420 698 1483 quas
720 1400 828 1464 attulit
848 1420 913 1465 non
935 1399 1081 1465 dhtincte
1097 1398 1290 1482 explicuisse.
1333 1397 1397 1462 iam

319 1527 396 1571 uero
418 1506 612 1571 conferamus
634 1505 853 1583 Plutarchum,
884 1505 938 1588 qui
959 1504 1038 1570 haec
1059 1504 1187 1570 exhibet
1208 1503 1246 1581 V,
1269 1502 1305 1568 5:
1335 1501 1397 1584 οὐχ

319 1608 363 1687 ὥς
377 1609 636 1697 διαμαχούμενος
651 1608 734 1679 ἀλλὰ
748 1608 851 1699 χρόνῳ
868 1608 926 1700 τήν
941 1584 1046 1699 cippo
1068 1608 1233 1677 adroderet
1255 1607 1397 1700 χρήμασι

318 1715 378 1808 τήν
406 1718 544 1805 ἀπορίαν
569 1717 622 1784 καὶ
650 1717 910 1804 πολυανθρωπίᾳ
937 1714 995 1807 νῆν
1018 1713 1186 1807 ὀλιγότητα
1205 1719 1322 1802 τρίβευν
1343 1714 1396 1781 καὶ
1490 1778 1494 1788 ,

317 1821 544 1891 deucalionem
582 1824 857 1909 βεβουλευμένοςς
896 1820 1008 1887 eadem
1047 1827 1209 1905 tamquam
1248 1821 1288 1888 ab
1326 1822 1395 1905 ipso

318 1929 496 1995 Hannibale
509 1929 673 1994 dictasint
687 1928 783 2014 paulo
793 1934 867 2012 post
876 1934 1062 2013 repetrmtur
1073 1928 1112 2006 V,
1123 1929 1182 1993 19:
1198 1918 1247 2003 οῖς
1262 1930 1322 2012 μέν
1334 1929 1396 1995 εἰσι
1431 1925 1438 1943 ‘

317 2040 476 2121 κρείττους
498 2032 611 2111 ὅπλοις
633 2032 819 2125 χρήσασθαι
833 2032 878 2125 μή
910 2038 1098 2119 δυναμένων
1126 2034 1394 2122 (Καρχηδονίων),
1463 2080 1465 2085 ,

317 2134 367 2219 οἷς
393 2139 432 2209 δὲ
459 2144 622 2209 λείπονται
656 2137 780 2225 σώμασι
806 2141 860 2207 καὶ
888 2139 1047 2231 χρήμασιν
1075 2132 1318 2225 ἐλαττουμένων
1342 2140 1395 2207 καὶ

317 2250 556 2331 δαπανωμένων
588 2248 635 2321 εἰς
668 2244 703 2313 ui
731 2249 843 2335 μηδέν.
888 2246 966 2312 haec
987 2246 1147 2311 Plutarchi
1168 2244 1266 2312 uerba
1287 2266 1395 2311 omnes

320 2374 400 2437 quas
420 2354 519 2419 fusius
541 2354 685 2438 exposuit
705 2352 852 2439 Polybius
867 2375 977 2419 cumas
1000 2353 1173 2437 complecti,
1194 2354 1279 2418 nullo
1300 2353 1394 2421 modo

320 2465 427 2525 autem
454 2480 472 2524 e
499 2480 613 2524 manca
639 2460 723 2524 Liuii
745 2459 970 2543 significatione
991 2478 1121 2525 manare
1142 2460 1279 2543 potuisse
1301 2480 1393 2526 nemo

320 2567 381 2631 erit
406 2566 462 2650 qui
490 2570 590 2650 neget
639 2566 737 2631 nihilo
770 2566 873 2631 minus
899 2566 933 2631 in
961 2566 1072 2631 eodem
1100 2561 1202 2648 capite
1233 2566 1394 2635 Plutarchi

319 2677 394 2737 sunt
415 2693 496 2756 quae
517 2694 581 2738 non
603 2672 688 2755 apud
709 2672 875 2757 Polybium
889 2672 1099 2749 inueniuntur,
1123 2673 1301 2757 conspirent
1323 2692 1393 2741 oum

318 2778 418 2846 Liuio.
463 2778 597 2843 Fabium
623 2799 681 2863 per
708 2778 779 2843 loca
806 2780 873 2843 alta
901 2800 1013 2863 agmen
1045 2777 1171 2852 duxisse
1199 2778 1321 2843 modico
1351 2780 1393 2847 ab

317 2884 409 2951 hoste
430 2885 597 2950 interuallo
619 2883 680 2970 (Pl
703 2883 741 2961 V,
763 2884 888 2961 8-13;
922 2885 991 2950 Liu.
1009 2885 1051 2949 12
1066 2889 1096 2967 ξ.
1112 2884 1159 2969 8),
1181 2883 1282 2949 solum
1303 2886 1392 2951 Han-

317 2991 455 3056 nibalem
482 2990 574 3056 Fabii
601 2989 801 3073 prudentiam
823 2990 987 3072 agnouisse
1009 2989 1071 3076 (Pl.
1093 2988 1131 3067 V,
1154 2991 1300 3069 16-173
1321 2989 1391 3059 Liu.

318 3098 360 3162 12
376 3104 407 3180 ξ.
422 3097 459 3183 5)
487 3103 583 3180 atque
611 3096 696 3161 omni
723 3116 820 3180 opera
842 3117 880 3160 ac
901 3094 1011 3163 fraude
1033 3096 1227 3161 lacessiuisse
1248 3098 1391 3179 Fabium,
1434 3145 1438 3151 ·

315 3208 353 3268 ut
380 3202 423 3267 ad
450 3223 560 3267 aecum
586 3206 745 3267 certamen
773 3200 976 3267 descenderet
1003 3202 1063 3288 (Pl.
1089 3201 1128 3280 V,
1151 3204 1299 3282 22-263
1322 3206 1390 3273 Liu.

317 3310 358 3373 12
374 3314 404 3391 §-
421 3310 540 3395 6-7),
567 3307 753 3373 Plutarchus
775 3314 808 3373 et
829 3308 939 3373 Liuius
960 3312 1143 3373 memorant.
1162 3314 1166 3333 '
1186 3309 1311 3377 uberius
1333 3321 1391 3379 au-

314 3420 380 3480 tem
414 3435 510 3497 quam
542 3414 651 3481 Liuius
684 3421 717 3479 et
750 3414 897 3499 Polybius
925 3414 958 3479 iu
986 3413 1048 3479 fine
1070 3414 1181 3497 capitis
1202 3416 1390 3485 Plutarchus

315 3523 382 3605 agit
404 3521 444 3586 de
466 3522 625 3599 conuiciis,
655 3522 767 3605 quibus
789 3522 944 3587 Minucius
966 3520 1064 3586 Fabio
1086 3520 1219 3586 illuserit
1240 3524 1389 3591 militum-

314 3647 376 3715 que
391 3628 511 3692 animos
525 3628 714 3705 incitarent,
736 3634 770 3692 et
791 3627 831 3693 de
846 3628 942 3693 animi
964 3626 1130 3692 altitudine
1151 3630 1390 3715 constantiaque

314 3733 420 3811 Fabii,
451 3734 506 3817 qui
526 3734 653 3799 minime
675 3733 725 3799 hie
747 3726 971 3800 cubaturus
993 3748 1012 3798 a
1035 3734 1118 3799 sanis
1142 3730 1276 3798 consiliis
1297 3755 1389 3801 auer-

313 3860 366 3905 sus
400 3840 450 3905 sit.
499 3844 564 3904 tres
593 3846 700 3905 autem
727 3846 870 3906 auctores
897 3842 931 3905 in
958 3839 1017 3906 hoc
1045 3841 1157 3924 capite,
1185 3840 1219 3905 in
1242 3862 1303 3923 quo
1325 3862 1388 3907 non

312 3945 438 4011 fabulae
465 3944 683 4024 decantantur,
713 3946 770 4012 sod
786 3946 889 4011 causis
911 3945 1090 4011 defenditur
1110 3946 1267 4011 cunctatio
1288 3947 1388 4026 Fabii,

312 4050 517 4117 Plutarchum
544 4052 734 4117 consuluisse
764 4072 933 4136 eorumque
960 4052 1131 4117 sententias
1152 4056 1219 4116 tam
1240 4059 1313 4137 apte
1334 4076 1388 4121 co-

312 4157 457 4223 nexuisse
485 4156 569 4223 credi
596 4178 660 4223 non
686 4164 800 4243 potest.
845 4158 918 4223 talis
947 4157 1108 4241 diligentia
1129 4178 1168 4223 ac
1189 4178 1264 4223 ema
1286 4159 1388 4225 aliena

312 4267 404 4328 esta
432 4262 594 4328 Plutarchi
627 4264 758 4329 ratione.
802 4264 858 4329 sed
882 4284 951 4329 cum
981 4284 1062 4348 quae
1090 4262 1248 4347 Polybius,
1268 4264 1387 4345 Liuius,

311 4368 498 4436 Plutarchus
527 4370 677 4436 exhibent
703 4370 829 4436 minime
858 4370 1034 4455 discrepent
1062 4370 1144 4435 inter
1174 4390 1216 4448 se,
1239 4371 1317 4437 nihil
1338 4380 1387 4440 est

310 4476 534 4561 impedimento
549 4476 714 4559 quominus
730 4496 836 4543 omnes
850 4496 952 4561 aeque
973 4480 1010 4541 ut
1030 4480 1126 4541 antea
1147 4474 1245 4543 Fabio
1264 4477 1385 4543 Pictore

310 4604 385 4649 usos
406 4588 474 4649 tam
495 4582 639 4648 similiter
652 4581 691 4647 de
714 4582 775 4649 hac
794 4604 830 4647 re
845 4582 1065 4666 disputardsee,
1086 4581 1289 4647 Plutarchum
1311 4604 1385 4648 uero

309 4710 368 4757 nec
389 4688 521 4774 Polybio
542 4708 601 4754 neo
622 4688 712 4754 Liuio
735 4710 826 4754 usum
848 4708 917 4755 esse
937 4686 1157 4753 existimemus.
1189 4686 1300 4753 eodem
1321 4688 1386 4755 fere

1143 4792 1173 4846 2.
