3417 5567
747 650 969 715 ..41-

314 866 435 929 extant
473 860 602 949 Liuius⁸
616 862 701 927 enim
733 860 886 948 (XXVII,
921 861 975 938 13,
1010 862 1067 946 11)
1095 860 1190 925 refert
1211 854 1393 929 Marcellum

315 968 537 1055 pronuntiasse
569 988 603 1033 ae
638 967 781 1033 cohortes
816 988 835 1031 a
869 966 982 1051 quibus
1016 966 1091 1049 firgo
1112 972 1183 1032 orta
1204 973 1288 1033 esset
1309 971 1393 1035 inse-

317 1067 428 1159 quenti
449 1074 500 1139 die
521 1074 554 1138 in
576 1075 710 1157 primam
732 1074 831 1139 aciem
850 1072 1052 1138 inducturum
1073 1092 1152 1150 esse,
1175 1094 1246 1140 cum
1268 1075 1393 1141 Plutar-

317 1182 395 1250 chus
424 1180 554 1268 (XXVI,
583 1181 619 1266 2)
646 1181 731 1264 ipsas
759 1180 904 1246 cohortes
932 1179 1070 1244 oranisse
1097 1179 1281 1246 Marcellum
1302 1182 1394 1247 utin

317 1289 420 1373 prima
442 1288 509 1351 acie
532 1287 795 1353 constituerentur
816 1285 902 1350 dicit.
924 1289 1089 1368 praeterea
1111 1285 1298 1353 Plutarchus
1319 1310 1393 1372 pro·

319 1395 367 1459 dit
378 1393 573 1470 Marcellum,
589 1414 661 1459 cum
676 1390 876 1476 profligatum
886 1391 981 1455 tertio
992 1390 1043 1455 die
1054 1390 1264 1457 Hannibalem
1273 1395 1394 1477 quomi-

320 1521 381 1565 nus
403 1520 422 1565 e
445 1499 578 1581 uestigio
600 1499 817 1581 insequeretur
840 1496 1040 1563 multitudine
1062 1497 1239 1562 sauciorum
1262 1499 1394 1583 impedi·

319 1612 416 1683 retur,
439 1605 525 1670 lente
546 1605 580 1669 in
602 1602 806 1687 Campaniam
827 1602 955 1667 duxisse
978 1602 1107 1688 (XXVL
1129 1604 1188 1688 27)
1211 1602 1393 1670 Sinuessae-

285 1754 288 1757 -
319 1730 382 1801 que
405 1712 527 1777 aestiua
549 1712 658 1794 egisse,
681 1716 717 1775 ut
744 1706 926 1776 debilitatae
949 1715 1002 1805 tot
1023 1709 1183 1776 laboribus
1205 1731 1244 1775 ac
1258 1712 1396 1777 uulneri-

244 1814 250 1828 '
320 1821 381 1887 bus
403 1821 538 1886 militnm
559 1819 643 1883 uires
665 1816 874 1883 reficerentur.
897 1823 994 1901 atque
1008 1838 1108 1901 aquas
1123 1816 1328 1882 Sinuessanas
1343 1819 1395 1905 (cf.

321 1928 391 1993 tiu.
415 1926 516 2003 XXII,
545 1927 598 2003 13,
627 1926 685 2011 10)
714 1925 800 1991 haud
831 1924 928 1990 dubie
949 1926 983 1989 in
1004 1925 1180 2009 insequenti
1202 1926 1305 2009 capite
1326 1948 1396 1990 rur-

321 2056 375 2099 sus
398 2032 561 2116 significat
584 2054 656 2097 cum
678 2032 852 2097 Publicium
866 2031 1024 2109 Bibulum,
1040 2032 1181 2097 Menoetii
1205 2032 1396 2097 obtrectato-

320 2160 398 2216 rem,
422 2138 653 2203 contionantem
675 2138 766 2203 facit:
813 2136 884 2204 ἐπεὶ
915 2136 1106 2225 Μάρκελλος
1137 2135 1234 2225 μικρὰ
1261 2140 1305 2227 τῷ
1337 2162 1395 2205 πα-

321 2248 410 2332 λέμῳ
441 2246 780 2328 προσγεγυμνασμένος
803 2240 911 2327 ὥσπερ
938 2241 974 2308 ἐκ
996 2243 1191 2328 παλαίστρας
1213 2243 1268 2311 ἐπὶ
1288 2243 1398 2329 θερμὰ

321 2346 440 2435 λουτρὰ
461 2348 677 2436 θεραπεύσων
700 2348 816 2417 ἑαυτὸν
844 2353 1019 2435 τέτραπται.
1071 2355 1181 2414 contra
1201 2349 1311 2415 Liuius
1332 2372 1398 2416 me-

322 2461 427 2523 morat
453 2476 518 2521 non
547 2455 643 2520 semel
671 2454 728 2519 sed
749 2455 856 2520 multis
878 2455 955 2520 locis
978 2454 1123 2541 (XXVII,
1144 2455 1189 2520 20
1205 2460 1240 2539 g.
1263 2455 1317 2534 10,
1340 2458 1398 2532 12;

303 2565 364 2631 ‘21
390 2569 420 2647 ξ.
442 2564 474 2640 3,
499 2562 535 2639 7;
569 2562 612 2625 22
635 2566 664 2644 ξ.
688 2562 725 2637 2;
754 2559 848 2643 25}
873 2561 1007 2645 1Ο,12)
1036 2561 1218 2626 Marcellum
1247 2563 1281 2627 in
1311 2568 1398 2628 tecta

323 2668 480 2736 Venusiae
508 2667 679 2733 exercitum
706 2665 882 2732 abduxisse.
934 2667 1022 2732 uides
1055 2668 1152 2751 igitur
1183 2688 1286 2753 neque
1314 2670 1400 2753 apud

323 2774 527 2843 Plutarchum
549 2794 651 2858 neque
680 2773 765 2859 apud
786 2774 914 2839 Liuium
935 2794 1049 2839 nornen
1071 2774 1157 2840 orbis
1179 2796 1272 2859 posse
1292 2797 1399 2841 corrn-

324 2888 415 2967 ptum
443 2901 525 2958 esse,
554 2880 622 2946 fieri
651 2886 758 2945 autern
786 2902 850 2945 non
877 2880 1018 2964 potuisse
1046 2886 1082 2945 ut
1102 2881 1291 2947 Plutarchus
1312 2884 1359 2947 ita
1380 2905 1401 2947 a

323 2988 416 3055 Liuio
449 2986 638 3065 discederet,
673 2988 699 3053 si
727 2993 880 3071 perpetuo
914 3002 986 3052 enm
1007 2993 1082 3059 ante
1103 2987 1209 3053 oculos
1231 2989 1400 3056 habuisset.

324 3095 404 3161 haee
426 3093 531 3159 omnia
546 3092 573 3159 si
587 3097 691 3157 tecum
712 3093 918 3177 reputaueris‚
940 3092 1032 3157 huius
1054 3093 1154 3177 partis
1172 3094 1267 3172 uitae,
1291 3116 1401 3179 quam-
1423 3128 1426 3140 ·

326 3222 423 3283 quam
443 3199 509 3263 fere
531 3199 636 3263 omnia
657 3199 825 3264 concinunt
847 3220 920 3263 cum
933 3198 1034 3276 Liuio,
1056 3199 1176 3264 fontem
1197 3201 1303 3284 potius
1325 3222 1401 3266 enn-

327 3306 399 3373 dem
421 3310 582 3370 auctorem
603 3327 666 3389 quo
689 3305 785 3370 etiam
806 3305 916 3371 Liuius
936 3326 1013 3370 usus
1036 3313 1085 3371 est
1105 3325 1202 3390 quam
1223 3306 1326 3389 ipsum
1347 3306 1401 3371 Li·

327 3413 413 3477 uium
440 3410 544 3489 finisse,
574 3410 661 3475 illam
687 3431 763 3475 uero
791 3410 874 3475 Liuii
896 3413 1083 3477 sententiam
1111 3432 1151 3476 er
1172 3413 1323 3477 memoria
1345 3414 1401 3477 ad·

328 3520 442 3586 lectam
464 3538 530 3583 csse
553 3536 573 3581 a
594 3516 763 3583 Plutarcho
785 3516 947 3583 iudicabis.
1031 3595 1039 3607 Ι
1275 3574 1278 3578 .

435 3624 521 3701 Quae
539 3623 725 3689 Plutarchus
740 3645 808 3708 cap.
825 3623 948 3689 XXVII
962 3622 1038 3688 dicit
1057 3624 1096 3688 de
1110 3625 1326 3697 criminatione
1341 3626 1403 3689 Pu-

328 3731 413 3796 blicii
434 3729 541 3795 Bibuli
561 3728 680 3795 tribum
688 3729 812 3813 ⁴plebis,
837 3730 891 3813 qui
913 3730 952 3795 de
967 3729 1149 3813 abrogando
1170 3732 1302 3815 imperio
1317 3732 1402 3796 Mar-

329 3838 400 3903 celli
422 3836 529 3920 egerit,
552 3835 592 3901 de
614 3835 743 3901 aedibus
765 3836 886 3901 Honori
908 3858 946 3901 ac
968 3836 1086 3901 Virtuti
1108 3859 1128 3901 a
1151 3838 1299 3904 Marcello
1315 3837 1404 3903 dedi·

329 3944 418 4021 catis,
441 3942 481 4007 de
503 3942 656 4007 seditione
677 3942 823 4007 Etmniae
846 3941 887 4008 ab
910 3942 1021 4007 eodem
1041 3942 1161 4020 sedato,
1184 3942 1223 4007 de
1244 3942 1404 4027 prodigiis,

330 4065 411 4134 qnae
423 4049 645 4134 impedimento
656 4048 773 4115 inerint
782 4049 949 4132 quominus
961 4049 1128 4114 Marcellus
1138 4049 1244 4132 copias
1261 4048 1406 4115 educeret

330 4155 480 4221 aduersus
507 4153 725 4233 Hannibalem,
760 4155 962 4219 inueniuntur
994 4155 1078 4239 apud
1111 4154 1238 4219 linium
1259 4154 1404 4240 (XXVII,

330 4261 489 4347 20-25)‚
520 4267 627 4327 tamen
649 4283 713 4328 non
745 4280 845 4344 aeque
877 4262 1045 4327 concinunt
1073 4282 1144 4327 cum
1166 4283 1204 4327 eo
1232 4266 1329 4345 atque
1358 4284 1405 4338 ea,

331 4388 413 4451 quae
455 4368 595 4451 proxime
640 4367 908 4451 perlustrauimus
975 4367 1139 4452 pulchram
1181 4373 1214 4432 et
1254 4367 1407 4451 insignem

332 4474 445 4541 excelsi
468 4474 564 4539 animi
591 4470 733 4545 Marcelli
761 4474 1033 4559 adumbrationem
1055 4474 1095 4539 ds
1117 4495 1175 4539 sno
1196 4474 1311 4539 adiecit
1332 4474 1406 4538 Plu-

331 4582 468 4649 tarchus.

360 4694 363 4701 '
438 4687 621 4753 Accedimus
657 4687 698 4751 ad
739 4694 910 4753 extremam
948 4688 1033 4753 uitae
1065 4692 1204 4771 partem,
1240 4708 1311 4751 cum
1345 4707 1408 4769 qua
