3417 5567
749 570 968 637 ..23-

329 778 438 853 fidem
445 780 570 849 addere
578 786 619 849 ιι
642 800 746 871 aeque.
764 789 861 871 atque
875 732 979 848 ιιιιιι
996 780 1197 847 Pbrtanuhurn
1219 786 1251 846 et
1272 780 1397 847 linium

327 907 345 952 e
366 886 466 953 Fabio
478 888 624 958 Pictore
631 891 791 970 hausisse,
802 890 967 975 Polybium
986 909 1061 954 uero
1082 890 1116 954 in
1137 889 1198 953 heo
1218 909 1334 1038 pugna
1339 889 1395 954 de-

327 993 498 1060 scribenda
514 995 636 1079 longius
659 998 699 1063 ab
721 1018 759 1063 eo
777 998 953 1069 recessisse.
1069 1040 1083 1045 κη
1205 1016 1255 1087 χ

331 1152 346 1226 ᾖ
432 1136 561 1215 Quae
551 1162 584 1203 m
615 1138 764 1223 proximis
779 1104 1056 1229 capitibust
982 1137 1056 1204 Phrt
1057 1135 1169 1203 archus
1199 1139 1327 1226 exponit
1313 1135 1396 1202 ιιι

325 1244 557 1331 perturbatione
578 1244 696 1311 Romae
719 1251 789 1311 orta
814 1246 911 1311 allato
944 1243 1245 1311 nuntio'Cannensis
1268 1246 1395 1310 calami-

326 1351 401 1415 tatis
440 1357 472 1415 et
510 1350 549 1416 de
577 1349 822 1431 emolumentis,
843 1372 922 1439 quae
949 1349 1107 1416 Hannibal
1135 1371 1152 1414 e
1180 1351 1311 1417 uictoria
1338 1354 1395 1417 illa

325 1456 508 1544 perceperit,
537 1478 595 1523 nec
623 1451 801 1556 discrepant
823 1480 843 1523 a
865 1455 955 1523 Liuio
980 1477 1038 1522 nec
1060 1447 1228 1540 singularia
1250 1457 1393 1523 similitu·

234 1595 238 1609 ·
326 1560 406 1626 dinis
434 1562 550 1630 indicia
576 1554 744 1651 praebent,
779 1585 796 1628 e
831 1562 944 1667 quibus
977 1562 1118 1628 hausisse
1145 1561 1348 1629 Plutarchum
1376 1588 1393 1630 e

326 1668 417 1734 Liuio
445 1670 690 1735 concludendum
720 1671 769 1736 sit.
820 1663 928 1759 itaque
951 1669 1084 1736 eandem
1105 1692 1199 1757 quam
1221 1675 1315 1737 antea
1337 1648 1393 1738 ob-

192 1795 196 1805 ’
326 1775 519 1842 seruauimus
551 1778 704 1843 rationem
735 1779 817 1843 inter
848 1798 900 1843 eos
928 1775 1119 1850 intercedere
1146 1773 1308 1872 probabile
1336 1785 1392 1844 est.

312 1877 451 1946 -Linium
479 1888 585 1948 autem
611 1883 745 1950 Fabium
772 1884 927 1950 Pictorem
956 1890 1115 1949 auctorem
1136 1878 1280 1952 habuisse
1308 1885 1393 1950 haud

326 1988 390 2052 scio
420 2007 462 2052 an
491 1990 589 2054 conici
612 1991 711 2077 possit
733 2011 772 2055 ex
794 1989 848 2069 eo,
865 1990 949 2077 quod
970 1996 1037 2055 tam
1059 1996 1202 2055 accurate
1223 1989 1331 2057 Liuius
1353 1992 1392 2058 de

326 2090 425 2159 Fabio
446 2094 568 2160 Pictore
591 2096 694 2182 legato
715 2094 853 2185 Delphos
876 2097 970 2161 misso
991 2102 1023 2161 et
1037 2095 1077 2161 de
1091 2117 1239 2185 responso
1260 2096 1392 2165 Romam

326 2200 367 2267 ab
390 2222 427 2266 eo
449 2200 548 2267 relato
571 2203 637 2286 agit
659 2202 773 2290 (XXII,
797 2202 851 2280 573
871 2202 990 2281 XXIII,
1014 2203 1080 2287 11).
1110 2203 1238 2287 insignis
1254 2201 1392 2270 Marcelli

326 2312 359 2372 et
380 2306 471 2373 Fabii
492 2307 622 2373 Maximi
645 2310 836 2398 comparatio
847 2308 880 2394 *)
909 2329 948 2373 ex
969 2309 1066 2399 ipsius
1089 2291 1248 2375 Plutarchi
1269 2312 1392 2395 ingenio

326 2414 474 2480 manauit.
518 2415 767 2480 narratiunculas
794 2436 870 2480 uero
898 2414 1011 2502 quibus
1037 2413 1128 2479 Fabii
1155 2415 1331 2482 humanitas
1353 2417 1392 2483 il-

326 2506 478 2585 lustratur
497 2523 592 2607 '(cap.
614 2518 792 2610 XX)aliIs
825 2521 1003 2588 auctoribus
1033 2542 1066 2585 se
1088 2520 1200 2586 debere
1223 2524 1289 2607 ipse
1309 2509 1391 2590 indi-

326 2648 398 2693 care
412 2626 537 2711 uidetur
551 2628 670 2693 uerbis:
693 2618 814 2712 ieyaico
835 2626 890 2711 ‹is‘3'
911 2631 1007 2697 ταῦτα
1021 2625 1083 2713 μὲι
1104 2611 1162 2696 οὖν
1183 2631 1255 2720 περὶ
1276 2630 1392 2698 τούτων

328 2734 494 2823 ἱστοροῦσι.
528 2754 639 2817 ‚neque
660 2734 768 2799 Liuius
792 2725 1020 2800 ullam'earum
1042 2734 1230 2801 mentionem
1252 2736 1334 2802 iecit.

409 2865 530 2944 vPaulo
557 2878 678 2963 longius
708 2884 918 2945 commoratur
944 2878 986 2941 in
1005 2875 1207 2959 describenda
1234 2897 1394 2962 expugna·

326 2969 412 3049 tione
430 2983 561 3066 ¹Tarenti
584 2984 849 3076 (XXI-XXIH).
880 3004 931 3060 ac
952 2983 1057 3067 plures
1073 3004 1144 3052 eum
1164 2982 1224 3069 hoc
1245 2984 1321 3074 loco
1336 3007 1393 3073 ap-

327 3096 428 3177 otores
452 3090 640 3182 consuluisse
661 3095 765 3175 patet
771 3111 810 3156 ex
834 3110 887 3168 eo,
917 3088 1001 3173 quod
1023 3088 1178 3172 duplicem
1200 3088 1238 3154 de
1265 3067 1394 3177 muliere

327 3218 409 3281 quae
435 3196 514 3262 Brut
500 3198 593 3286 ttium
622 3177 783 3286 quendam
810 3196 852 3288 ad
875 3195 1073 3290 prodendam
1095 3194 1204 3282 urbem
1196 3198 1402 3322 ςμιιιιιιιειι,

328 3302 441 3368 dicitur
468 3283 585 3382 famam
613 3304 724 3389 prodit
748 3284 849 3393 (XXI,
876 3303 935 3368 23:
964 3304 1077 3372 ταῦτα
1088 3298 1154 3386 μὲν
1172 3285 1229 3369 οὖν
1251 3306 1283 3370 οἱ
1306 3306 1403 3372 rdet,

232 3454 238 3462 ·
329 3427 396 3477 σιοι
417 3430 574 3497 γραφιισι
592 3409 668 3495 περὶ
691 3408 817 3478 τούτων·
841 3406 920 3476 ἔνιοι
944 3405 979 3475 δὲ
1000 3434 1027 3473 κ.
1050 3432 1075 3473 τ.
1098 3408 1153 3488 λ..)
1175 3408 1231 3474 sed
1252 3409 1307 3474 ad
1315 3432 1395 3495 quos

327 3522 473 3584 auctores
479 3517 731 3610 prouocauerit
739 3496 898 3608 explorari
925 3536 987 3580 non
1014 3519 1148 3603 potest,
1164 3515 1238 3598 quia
1258 3515 1394 3602 Polybio

327 3646 391 3689 non
413 3623 580 3708 superstite
601 3622 744 3707 Appiano
766 3622 883 3709 (Hann.
899 3622 957 3706 49)
980 3626 1012 3685 et
1033 3620 1155 3686 Zonara
1177 3621 1246 3707 (IX,
1269 3620 1306 3708 5)
1328 3644 1394 3689 rem

327 3730 426 3815 magis
459 3728 683 3816 attingentibus
718 3750 813 3813 quam
847 3727 1073 3842 explicantibus
1106 3748 1176 3792 cum
1210 3727 1276 3802 solo
1304 3728 1395 3834 Liuio

433 4084 457 4150 ⁸)
480 4082 642 4142 Plutarchum
665 4098 720 4150 cap.
744 4083 809 4137 XIX
825 4099 875 4144 ιιι
896 4084 976 4149 mapa
994 4079 1091 4142 nerbis;
1113 4079 1203 4156 ὥσπερ
1220 4083 1250 4135 ἐν
1266 4086 1320 4139 τοῖς
1333 4084 1396 4156 περὶ

330 4169 411 4227 αὐτοῦ
432 4175 634 4247 γεγραμμένοις
654 4176 753 4245 εἴρηται
773 4187 851 4240 quem
873 4188 928 4239 cop.
951 4171 1031 4224 XXII
1046 4169 1149 4222 uerbis:
1170 4168 1207 4228 cit
1222 4174 1252 4224 ἐν
1266 4176 1321 4230 ,τοῖς
1333 4172 1396 4242 περὶ
1466 4206 1468 4209 <

329 4263 430 4314 ἐκείνου
453 4262 602 4332 γέγραπται
620 4262 713 4327 (agitur
735 4265 840 4327 utroque
859 4260 914 4312 loco
936 4260 969 4311 de
987 4257 1120 4332 Marcello)
1138 4273 1187 4312 uon
1206 4265 1331 4314 auctorem
1347 4260 1395 4312 ali-

330 4366 404 4418 quem
425 4353 469 4418 qni
491 4348 641 4416 peculiarem
664 4349 841 4402 daMarcello
864 4349 974 4402 libellum
998 4350 1124 4415 scripserit
1145 4347 1261 4409 laudare,
1285 4348 1330 4402 sed
1351 4363 1396 4402 uos

329 4440 362 4491 ad
379 4441 457 4505 Ipsius
473 4439 550 4489 uitam
569 4438 685 4490 Marcelli
705 4440 770 4504 (cap.
788 4439 814 4499 13
832 4439 885 4496 IX·,
903 4438 978 4503 XXI)
997 4452 1116 4489 reuocare
1133 4439 1159 4489 in
1178 4442 1263 4504 aperto
1282 4441 1326 4494 est.
1352 4436 1394 4490 sed

330 4545 362 4579 ex
381 4544 410 4579 eo
428 4528 495 4595 quod
513 4531 539 4585 in
557 4529 610 4577 uita
627 4526 698 4579 Fabii
716 4529 824 4579 Maximi
842 4526 938 4592 relegat
954 4528 1072 4579 adultam
1084 4525 1201 4580 Marcelli
1218 4524 1333 4578 concludi
1341 4529 1395 4592 pot-

329 4621 366 4667 est
389 4630 444 4667 eum
466 4618 542 4666 uitam
565 4616 682 4668 Marcelli
703 4618 773 4683 prius
796 4619 963 4683 composuisse
985 4632 1060 4683 quam
1082 4619 1159 4668 uitam
1176 4614 1267 4672 Fabia,
