3417 5567
754 648 974 715 ..34-

326 864 510 933 Clastidium
538 860 642 927 deleta
668 881 737 926 esse
765 860 893 927 Orosius
921 860 1031 941 refert,
1066 863 1234 931 Plutarcho
1268 872 1396 935 auctore

325 979 431 1038 autem
457 969 488 1035 X
515 974 640 1035 tantum
661 969 748 1034 milia
769 990 807 1033 eo
828 969 971 1053 profecta
992 976 1075 1048 sunt,
1098 990 1162 1037 non
1182 977 1249 1037 tam
1270 974 1394 1041 Plutar-

324 1082 418 1147 chum
439 1098 559 1144 errasse
581 1072 795 1160 putauerimus
818 1096 913 1160 quam
935 1076 1079 1142 Orosium
1101 1096 1263 1147 caesorum]
1285 1102 1394 1147 nume.

323 1210 393 1254 rum
408 1208 479 1252 cum
489 1191 557 1249 toto
572 1183 779 1248 Gaesatorum
792 1202 923 1248 numero
938 1183 1120 1249 condidisse.
1143 1204 1216 1249 nam
1237 1190 1317 1253 XXX
1335 1187 1394 1253 mi·-

323 1295 368 1359 lia
378 1314 431 1358 eos
442 1291 537 1356 frrisse
548 1312 612 1355 non
623 1289 717 1356 modo
729 1289 916 1355 Plutarchus
926 1290 981 1355 sed
993 1292 1088 1355 etiam
1102 1291 1248 1377 Polybius
1267 1294 1321 1380 (Il,
1335 1294 1397 1379 34)

323 1401 461 1467 tradunt.
482 1418 563 1482 quae
592 1403 751 1481 utcunque
778 1418 846 1463 sese
859 1396 979 1463 habent
993 1420 1056 1463 non
1074 1405 1146 1465 sunt
1162 1398 1393 1483 impedimento,

323 1507 487 1590 quominus
501 1510 652 1588 procerte
668 1508 825 1569 statuatur
838 1504 998 1569 Plutarchi
1013 1504 1086 1570 belli
1100 1506 1311 1573 narrationem
1325 1526 1393 1572 esse

323 1611 454 1677 eandem
476 1631 572 1694 quam
593 1631 611 1673 e
633 1609 731 1675 Fabio
753 1610 877 1675 Pictore
891 1624 1034 1675 manasse
1050 1611 1259 1693 cognouimus.
1298 1634 1393 1695 quam

322 1725 428 1784 utrum
449 1737 490 1781 ex
515 1716 614 1800 ipsius
636 1714 726 1780 Fabii
754 1714 918 1781 annalibus
941 1736 982 1781 an
1005 1737 1023 1781 e
1044 1715 1135 1781 Liuio
1157 1716 1297 1782 hauserit
1318 1718 1393 1783 Plu·

322 1825 449 1891 tarchus
472 1844 511 1888 ex
532 1822 592 1887 hae
615 1822 847 1904 comparatione
863 1814 930 1886 erui
952 1842 1015 1887 non
1032 1828 1145 1907 potest.
1189 1823 1246 1891 sed
1268 1844 1338 1891 eum
1359 1826 1393 1889 in

322 1933 390 1997 uita
404 1930 496 1995 Fabii
512 1928 641 1993 Maximi
657 1928 812 1992 Pictorem
823 1933 983 1993 auctorem
1004 1929 1206 2013 praecipuum
1227 1929 1322 1996 fuisse
1344 1932 1392 1995 ui-

322 2039 472 2113 derimus,
505 2036 538 2100 in
564 2039 673 2099 nostra
699 2039 805 2099 autem
832 2035 900 2098 uita
920 2034 1046 2101 Liuium
1066 2036 1262 2119 potissimum
1284 2042 1392 2102 aucto·

322 2166 388 2211 rem
416 2142 525 2208 haberi
552 2161 617 2205 non
638 2161 730 2225 posse
752 2162 825 2205 mox
847 2140 1091 2207 demonstraturi
1114 2142 1219 2220 simus,
1242 2143 1392 2211 hocloco

321 2255 424 2337 ipsrun
450 2248 583 2313 Fabium
612 2246 768 2312 Pictorem
795 2251 871 2311 ante
893 2248 997 2312 oculos
1020 2247 1167 2314 habuisse
1189 2248 1391 2315 Plutarchum

321 2358 411 2423 nobis
437 2375 620 2440 persuasum
652 2359 708 2418 est.
737 2390 780 2399 -
804 2352 905 2417 eidem
927 2358 1033 2418 autem
1054 2353 1133 2419 fonti
1155 2356 1298 2439 exempla
1318 2355 1391 2421 reli-

321 2465 420 2549 gionis
443 2462 534 2527 anxie
557 2482 577 2525 a
598 2460 746 2525 Romanis
767 2459 954 2526 obseruatae
969 2463 1051 2548 (cap.
1076 2461 1118 2545 V)
1140 2483 1204 2527 non
1225 2462 1392 2534 tribuenda

321 2592 388 2636 esse
422 2575 518 2653 atque
550 2588 590 2633 ex
617 2568 686 2631 aliis
713 2566 853 2633 fontibus
881 2588 935 2645 ea,
970 2588 1050 2651 quac
1078 2567 1118 2637 de
1146 2569 1253 2653 spoliis
1280 2570 1390 2654 opimis

319 2678 388 2743 Ioui
409 2675 550 2741 Feretrio
572 2673 723 2738 dedicatis
744 2675 826 2760 (cap.
838 2674 928 2758 VIII)
950 2673 1023 2739 fuse
1041 2674 1243 2752 disseruntur,
1267 2682 1391 2760 sumpta

320 2804 387 2850 esse
408 2782 499 2848 facile
520 2778 718 2862 intellegitur.
1164 2865 1167 2876 1

425 2888 462 2953 ln
491 2884 640 2971 proximis
668 2884 823 2968 capitibus
844 2891 1013 2951 narrantur
1032 2886 1153 2970 proelia
1174 2885 1257 2951 cirea
1278 2885 1391 2952 Nolam

256 3046 267 3063 .
319 2995 427 3061 urbem
456 3014 476 3058 a
502 2990 650 3088 Marcello
678 2996 788 3056 contra
814 2986 1025 3057 Hannibalem
1047 2992 1218 3058 commisse.
1264 3012 1389 3077 compa

315 3103 382 3168 rari
402 3101 463 3166 hoe
483 3101 553 3165 loeo
574 3103 681 3182 potest
702 3098 785 3164 solus
806 3098 914 3164 Liuius
938 3098 1055 3176 XXIII,
1080 3098 1226 3177 15-16;
1248 3098 1388 3167 cra-46.

318 3209 442 3273 Liuium
472 3210 588 3282 autem,
634 3224 825 3288 quamquam
864 3204 1081 3273 similitudines
1121 3204 1272 3290 quasdam
1307 3206 1390 3271 inter

318 3336 390 3379 eum
422 3318 455 3377 et
486 3311 688 3376 Plutarchum
719 3310 912 3376 intercedere
941 3332 1054 3396 negare
1083 3312 1241 3390 nolumus,
1269 3312 1389 3378 fontem

317 3418 478 3486 Plutarchi
499 3437 563 3482 non
583 3416 681 3481 fixisse
701 3417 772 3483 luce
797 3422 846 3482 est
879 3416 1002 3483 elarius.
1058 3438 1131 3483 narn
1162 3424 1198 3483 ut
1229 3438 1247 3483 e
1281 3418 1388 3483 multis

318 3547 399 3611 qnae
426 3524 604 3607 discrepant
633 3522 716 3588 inter
747 3543 801 3589 eos
829 3542 930 3607 pauca
957 3522 1132 3603 afferamus,
1159 3542 1226 3609 cup.
1250 3524 1279 3589 X
1302 3543 1389 3590 come

317 3632 497 3717 alloquium,
521 3651 582 3714 quo
604 3628 769 3697 Marcellus
797 3629 947 3696 Bantium
974 3616 1149 3697 Poenorum
1177 3632 1319 3721 partibus
1339 3631 1388 3698 fa-

316 3745 442 3804 uentem
473 3736 532 3802 sibi
558 3735 746 3812 conciliauit,
780 3735 872 3801 ahter
892 3735 984 3801 finxit
1007 3738 1192 3803 Plutarchus
1215 3742 1311 3821 atque
1333 3737 1387 3806 Li-

315 3847 386 3911 uius
413 3860 480 3929 cap.
510 3841 568 3919 153
594 3860 661 3926 cap.
692 3843 747 3919 Xl,
777 3842 907 3907 10-18
937 3862 975 3909 ex
1004 3844 1208 3928 eruptiones
1236 3844 1386 3910 Marcello

316 3952 399 4019 facta
420 3948 607 4033 perspicitur
628 3948 722 4013 aliam
744 3948 840 4015 firisse
862 3950 1021 4033 copiarum
1044 3950 1280 4016 collocationem
1303 3949 1388 4034 apud

315 4056 519 4122 Plutarchum
534 4075 628 4137 quam
643 4054 727 4143 apud
748 4055 873 4120 Liuium
889 4056 930 4120 16
947 4061 976 4139 ξ.
993 4056 1029 4133 8;
1042 4076 1120 4140 ‚cap
1142 4056 1220 4134 XII,
1255 4056 1386 4121 10-12

302 4161 502 4229 'Plutarchus
535 4161 717 4228 Marcellum
749 4169 954 4245 prouocatam
983 4162 1023 4228 ab
1051 4162 1229 4229 Hannibale
1250 4182 1387 4246 pugnam

316 4272 505 4335 detrectasse
536 4268 699 4351 significat,
733 4290 804 4333 eum
839 4269 948 4333 Liuius
976 4269 1020 4334 44
1043 4275 1072 4353 ξ.
1095 4268 1183 4335 3-5
1205 4269 1387 4339 Marcellum

315 4376 478 4460 eruptione
505 4374 590 4439 facta
618 4376 765 4464 atrociter
792 4396 864 4439 cum
886 4368 1063 4441 Hannibale
1084 4394 1239 4459 pugnasse
1261 4382 1385 4452 narrat3

315 4504 382 4566 cap.
410 4480 486 4558 XII,
511 4481 553 4545 14
574 4481 759 4546 Plutarchus
782 4481 867 4547 solus
890 4487 1044 4547 memorat
1065 4481 1248 4547 Marcellum
1270 4482 1385 4547 Roma·

314 4609 426 4653 norum
448 4585 568 4671 pedites
591 4589 767 4672 praelongis
790 4588 946 4653 sociorum
967 4589 1127 4655 naualium
1148 4588 1248 4657 hastis
1269 4589 1385 4653 instrue

314 4694 404 4757 xisse.
457 4692 512 4757 sed
546 4693 636 4775 longe
666 4694 790 4758 maioris
825 4694 873 4758 his
908 4693 1123 4777 discrepantiis
1155 4695 1305 4759 momenti
1338 4700 1386 4759 est
