3417 5567
754 651 976 717 ..33-

327 870 361 931 ot
382 862 504 931 Graeca
526 863 560 929 in
585 861 654 929 foro
681 860 789 929 boario
811 853 897 929 uiuis
915 862 1047 929 defossis
1069 883 1140 929 cum
1163 860 1251 929 Oros.
1271 868 1305 928 et
1324 861 1400 928 Zon.

327 974 376 1056 (st
396 969 497 1035 Diona
513 966 621 1037 casio
636 974 771 1055 excerpt
794 968 896 1035 Vales.
922 970 989 1053 12),
1012 966 1052 1033 de
1074 967 1150 1035 diris
1165 967 1314 1056 prodigiis
1328 990 1400 1035 cnm

328 1075 416 1143 Oros.
447 1080 480 1139 et
500 1075 593 1151 Zon.,
621 1072 663 1142 de
683 1074 776 1141 rebus
799 1095 819 1139 a
839 1074 995 1141 Flaminio
1016 1074 1144 1140 consuls
1166 1076 1266 1143 inuito
1288 1080 1400 1143 senatu

327 1202 476 1267 prospere
499 1181 593 1264 gestis
616 1180 656 1247 de
669 1182 855 1263 magistratu
877 1182 907 1247 ci
928 1181 1079 1264 abrogato
1097 1182 1256 1266 triumpho
1273 1182 1401 1250 decreto

328 1288 368 1353 ds
388 1287 472 1356 hello
489 1308 510 1351 a
525 1286 674 1354 Marcello
697 1285 912 1369 redintegrato
934 1308 1005 1355 cum
1027 1288 1113 1364 Zon.,
1137 1288 1178 1354 de
1200 1288 1316 1354 illustri
1334 1288 1402 1353 eius

329 1395 542 1461 uictoriarum
556 1392 761 1470 omnibus,de
783 1392 970 1459 Virdomaro
992 1414 1066 1477 nege
1088 1415 1109 1459 a
1130 1394 1279 1462 Marcello
1301 1394 1403 1460 occiso

328 1523 401 1567 cum
421 1499 601 1582 Liuii'epit.
624 1498 704 1575 XX„
732 1499 874 1583 Eutrop,
897 1498 996 1578 Oros,
1018 1500 1059 1565 de
1081 1500 1164 1568 bello
1185 1500 1227 1569 ab
1250 1500 1404 1566 ambobus

329 1606 507 1675 consulibus
537 1611 665 1689 peracto
693 1626 765 1671 cum
793 1604 882 1686 Oros.
912 1611 945 1675 et
973 1607 1048 1671 Zon.
1076 1607 1231 1691 copiosius
1254 1607 1403 1673 describit

328 1714 449 1796 insigne
463 1710 655 1779 fortitudinis
671 1711 858 1795 exemplum,
882 1711 966 1795 quod
986 1712 1152 1779 Marcellus
1166 1712 1304 1780 hostium
1325 1713 1404 1780 duce

328 1840 475 1904 percusso
508 1818 677 1903 spoliisque
711 1817 822 1907 opimis
844 1839 884 1883 ex
916 1838 955 1883 eo
988 1818 1106 1883 relatis
1124 1818 1273 1885 ediderat.
1318 1821 1404 1885 solus

329 1932 483 1995 memorat
505 1925 561 2002 III,
585 1925 627 1993 16
651 1923 827 2001 sacerdotes
849 1912 933 1992 hello
955 1924 1075 1991 Gallico
1097 1924 1250 2007 flagrante
1272 1925 1404 1991 militiae

329 2035 525 2101 uacationem
559 2052 622 2097 non
655 2030 802 2099 habuisse
836 2052 876 2097 ac
908 2031 1001 2109 VIII,
1039 2031 1082 2096 38
1117 2032 1273 2115 superatis
1305 2032 1404 2098 Gallis

330 2162 350 2205 e
380 2138 498 2223 praeda
538 2137 678 2220 Delphos
715 2141 750 2203 et
787 2136 917 2203 Hieroni
957 2135 1180 2223 Syracusarum
1213 2139 1280 2221 regi
1319 2137 1415 2225 dona¹

330 2265 398 2311 osse
430 2243 533 2311 missa
590 2264 691 2327 nsque
730 2265 787 2311 nos
827 2242 986 2312 offendere
1020 2248 1141 2329 potest,
1179 2243 1264 2328 quod
1299 2264 1404 2327 regem

333 2350 540 2417 Gaesatorum
572 2370 593 2413 a
624 2349 773 2415 Marcello
806 2350 1003 2417 interfectum
1029 2350 1215 2418 Plutarchus
1244 2350 1403 2437 Βριτόμα-

332 2481 395 2534 soa
423 2476 530 2522 omnes
558 2462 700 2524 auctores
734 2456 868 2524 Romani
884 2455 917 2541 ⁸)
952 2456 1170 2525 Virdomarum
1203 2464 1261 2523 aut
1292 2459 1404 2542 paulu-

332 2563 398 2629 lum
432 2561 644 2644 discrepantes
683 2561 920 2639 virdumarum,
964 2562 1211 2642 Viridomarus,
1260 2563 1404 2630 Viriodu-

333 2690 455 2735 marum
482 2669 654 2735 nominant.
705 2688 779 2736 nam
806 2688 921 2735 nomen
942 2668 1021 2736 illud
1042 2669 1211 2736 barbarum
1233 2670 1406 2738 ardorum

312 2796 353 2840 ,a
379 2774 518 2839 Graecae
551 2775 675 2857 linguae
709 2774 838 2839 lenitate
871 2774 1042 2845 abhorrens
1070 2774 1191 2842 Graeco
1213 2776 1261 2841 on‘
1282 2797 1404 2843 accom-

333 2882 495 2949 modatum
528 2881 652 2947 uidetur
685 2902 762 2949 essa.
807 2903 879 2949 cum
912 2882 975 2949 alio
1007 2888 1114 2949 autem
1141 2881 1221 2948 duce
1244 2881 1406 2950 Gallorum

332 2989 535 3065 Brittomaro,
563 3009 657 3071 quem
686 2988 727 3053 ab
753 2988 887 3056 Aemilio
923 2988 1050 3057 consule
1078 2990 1197 3057 uictum
1224 3009 1292 3057 esse
1320 2990 1404 3055 solus

333 3096 444 3163 Florus
465 3094 506 3173 ll,
535 3094 557 3159 4
578 3093 726 3177 prodidit,
748 3094 952 3162 Plutarchum
972 3094 1193 3162 Virdomarum
1214 3094 1401 3172 conadae,

334 3201 419 3285 quod
448 3201 518 3284 qaus
549 3200 672 3284 opinari
699 3200 822 3283 possit,v
843 3200 927 3266 credi
947 3222 1012 3266 non
1033 3207 1147 3285 potest,
1172 3202 1248 3285 quia
1268 3223 1332 3268 non
1353 3223 1405 3267 so-

333 3310 399 3375 lum
426 3308 459 3373 in
489 3306 569 3374 libro
599 3306 742 3389 quo-hoo
763 3307 833 3373 looo
855 3328 931 3373 usus
954 3313 1002 3375 est
1024 3307 1079 3375 sed
1101 3308 1197 3373 etiam
1214 3297 1302 3391 ¹apud
1325 3307 1405 3372 Var-

333 3436 450 3491 ronem,
479 3413 534 3479 ubi
560 3412 628 3479 fieri
655 3434 718 3477 non
745 3413 849 3496 potuit
876 3418 914 3479 at
940 3413 1074 3481 duorum
1096 3412 1259 3481 Gallorum
1280 3415 1406 3482 nomina
1432 3497 1434 3502 ,

333 3519 607 3596 confunderentur,
644 3519 728 3585 idem
756 3538 870 3587 nomen
898 3519 975 3603 legit
1001 3518 1053 3605 (of.
1075 3512 1164 3588 Plut.
1193 3520 1288 3587 Maro
1312 3520 1405 3598 VIII;

334 3626 457 3695 Romul.
491 3626 582 3701 XVI;
617 3625 701 3691 Fest.
724 3646 753 3691 u.
778 3627 883 3708 opima
914 3626 1024 3709 spolia,
1055 3646 1126 3709 pag.
1164 3627 1227 3692 186
1258 3634 1291 3695 et
1324 3648 1405 3711 quae

334 3740 446 3819 postea
466 3733 506 3798 de
528 3732 565 3799 iis
588 3732 664 3800 locis
692 3733 906 3816 exponemus).
929 3731 1050 3815 aliquid
1064 3730 1168 3799 differt
1182 3733 1368 3800 Plutarchus
1382 3756 1404 3799 a

334 3844 467 3917 Zonara,
490 3840 544 3922 qui
560 3859 637 3903 cum
658 3838 788 3921 Polybio
809 3838 851 3916 ΙΙ,
875 3838 918 3903 34
950 3838 1147 3908 consentiens
1171 3838 1269 3906 Gallis
1296 3846 1406 3923 peten-

334 3950 540 4039 tibuspacem
562 3966 625 4011 non
647 3966 715 4011 asse
742 3964 923 4010 concessam
943 3943 1084 4022 tradidit,
1107 3966 1178 4010 cum
1200 3945 1276 4011 dicit
1295 3967 1404 4029 paoem
1438 4006 1444 4026 ,

336 4076 431 4139 quam
469 4052 665 4120 dissuasisset
698 4051 864 4117 Marcellus
895 4071 930 4117 re
979 4051 1106 4129 factam,
1146 4074 1166 4117 a
1210 4052 1309 4119 Gallis
1347 4075 1403 4119 au-

335 4170 400 4229 tem
421 4166 547 4247 ruptam
568 4178 644 4227 esse.
668 4158 779 4242 quodsi
793 4178 870 4223 uero
885 4158 975 4223 XXX
989 4158 1077 4225 milia
1090 4157 1299 4252 Gaesatorum
1320 4160 1406 4243 apud

442 4444 466 4509 ‘l
485 4444 540 4495 Liu.
559 4460 598 4511 ep.
616 4444 681 4500 XX3
704 4442 767 4495 Plor.
786 4440 821 4501 ΙΙ,
839 4443 869 4502 4;
893 4441 995 4508 Eutrop.
1014 4439 1062 4503 111,
1080 4443 1110 4505 63
1134 4440 1202 4497 Oros.
1221 4442 1266 4504 IV,
1287 4445 1331 4501 13;
1351 4444 1404 4495 Au-

335 4534 379 4587 rel.
403 4534 466 4586 Vict.
491 4534 538 4593 45;
565 4534 677 4599 Propert.
702 4532 746 4591 tv,
771 4532 813 4591 10,
837 4532 884 4591 413
911 4530 981 4583 Seru.
1010 4530 1043 4583 ad
1061 4531 1125 4584 Aen
1143 4532 1188 4592 VI,
1204 4532 1269 4592 aaa
1297 4534 1360 4584 Fest.
1380 4546 1404 4583 u.
1475 4550 1478 4554 ’

337 4626 418 4690 opima
440 4623 527 4690 spolia,
546 4638 603 4689 pag.
630 4623 679 4675 186
704 4620 811 4689 (Mhll.);
831 4626 888 4672 acts
905 4622 1020 4688 triumph.
1040 4620 1144 4687 Capitol.
1168 4624 1194 4673 iu
1216 4636 1283 4688 corp.
1301 4622 1406 4674 iuscr.l

335 4731 360 4781 p.
380 4716 439 4769 458.
1091 4779 1096 4789 .

1181 4800 1198 4852 3
