3417 5567
676 634 963 716 '-41-

310 867 430 931 extant
468 861 597 950 Liuiusx
611 862 696 928 enim
728 861 880 949 (XXVII,
916 862 970 939 13,
1005 863 1062 947 11)
1090 862 1185 927 refert
1206 855 1388 931 Marcellum

311 969 532 1055 pronuntiasse
565 989 598 1033 se
633 968 776 1033 cohortes
810 990 830 1033 a
863 967 976 1052 quibus
1010 967 1085 1050 fuga
1107 974 1178 1034 orta
1199 977 1283 1035 esset
1304 972 1388 1037 inse-

313 1076 422 1159 quenti
444 1075 496 1141 die
516 1076 550 1139 in
571 1076 705 1158 primam
726 1075 826 1140 eciem
846 1074 1047 1139 induotmum
1068 1094 1147 1152 esse,
1170 1096 1241 1141 cum
1263 1076 1388 1143 Plutar-

313 1184 391 1249 chus
420 1182 549 1269 (XXVI,
578 1182 614 1268 2)
641 1182 726 1265 ipsas
754 1182 899 1247 cohortes
927 1181 1065 1245 umuisse
1092 1182 1276 1247 Marcellum
1297 1184 1390 1247 utin

313 1290 415 1373 prima
438 1289 505 1353 acie
527 1288 790 1354 constituerentur
812 1286 896 1351 dicit.
919 1291 1084 1370 praeterea
1106 1287 1293 1355 Plutarchus
1314 1312 1388 1373 pro·

315 1396 364 1461 dit
374 1394 568 1471 Marcellum,
584 1415 656 1460 oum
670 1391 870 1477 profligatum
881 1393 976 1458 tertio
987 1392 1038 1457 die
1049 1392 1259 1459 Hannibalern
1268 1396 1390 1479 quomi-

316 1521 377 1565 nus
398 1521 418 1564 e
440 1499 573 1582 uestigio
595 1500 812 1583 insequeretur
835 1498 1035 1563 multitudine
1057 1499 1234 1564 sauciorum
1257 1501 1389 1584 impedi-

315 1612 412 1683 retur,
434 1606 520 1670 lente
541 1606 575 1670 in
597 1603 801 1689 Campaniam
822 1603 949 1669 duxisse
972 1604 1102 1690 (XXVI,
1124 1605 1183 1690 27)
1206 1604 1389 1671 Sinuessae·

281 1754 284 1757 -
315 1732 378 1801 quc
400 1713 522 1779 aestiua
544 1712 653 1795 egisse,
675 1717 712 1777 ut
739 1707 921 1777 debilitatae
944 1716 998 1806 tot
1018 1710 1178 1776 laboribus
1200 1733 1239 1777 ac
1253 1714 1391 1779 uulneri-

243 1814 248 1827 '
316 1822 377 1887 bus
398 1822 533 1887 militum
554 1820 638 1884 uires
659 1817 869 1885 reficerentur.
892 1824 989 1902 atque
1003 1840 1103 1903 aquas
1118 1817 1323 1883 Sinuessanas
1338 1820 1390 1906 (ef.

316 1928 386 1993 Liu.
410 1927 511 2004 XXII,
540 1928 592 2005 13,
622 1927 679 2012 10)
709 1926 794 1992 haud
825 1926 923 1992 dubie
944 1928 978 1991 in
999 1927 1175 2010 insequenti
1197 1928 1300 2010 capite
1321 1949 1391 1991 rur-

316 2056 371 2099 sus
394 2032 556 2117 significat‚
580 2054 651 2098 cum
673 2033 847 2098 Publicium
861 2033 1019 2111 Bibulum,
1035 2033 1176 2098 Marcelli
1200 2033 1391 2098 obtrectato-

317 2160 394 2216 rem,
417 2140 648 2205 contionantem
670 2139 762 2206 facit:
808 2137 879 2206 ἐπεὶ
910 2137 1101 2227 Μάρκελλος
1132 2137 1229 2226 μικρὰ
1257 2142 1300 2228 τῷ
1332 2163 1390 2207 πο-

317 2248 406 2332 λέμῳ
436 2248 774 2328 προσγεγυμνασμένος
798 2242 906 2328 ὥσπερ
933 2242 969 2309 ἐκ
991 2245 1186 2329 παλαίστρας
1208 2244 1263 2312 ἐπὶ
1283 2245 1393 2339 &suari

317 2348 436 2435 λουτρὰ
456 2349 672 2437 θεραπεύσων
695 2348 811 2417 ἑαυτὸν
839 2355 1014 2436 τέτραπται.
1066 2356 1176 2415 contra
1197 2350 1306 2416 liuius
1326 2374 1393 2418 me-

318 2462 423 2525 morat
449 2476 513 2521 non
542 2456 638 2521 semel
667 2455 723 2521 sed
744 2456 851 2521 multis
873 2455 950 2521 locis
973 2456 1117 2542 (XXVII,
1139 2456 1184 2521 20
1200 2461 1235 2540 g.
1257 2457 1312 2536 10,
1334 2458 1393 2534 12;

298 2565 360 2631 ’21
386 2569 414 2647 ξ.
438 2564 469 2641 3,
494 2562 530 2639 73
564 2563 607 2627 22
630 2567 659 2645 ὅ.
682 2563 720 2639 2;
749 2560 792 2626 25
815 2567 843 2644 ξ.
868 2562 921 2639 10,
945 2562 1002 2646 12)
1031 2562 1213 2628 Marcellum
1242 2565 1276 2628 in
1307 2569 1393 2630 tecta

318 2669 475 2736 Venusiae
503 2669 674 2734 exercitum
701 2667 877 2734 abduxisse.
929 2668 1017 2733 uides
1050 2669 1147 2752 igitur
1179 2689 1282 2754 neque
1310 2671 1395 2755 apud

319 2775 522 2843 Plutarchum
544 2795 646 2859 neque
675 2774 760 2859 apud
782 2775 909 2840 Liuium
930 2796 1044 2841 nomen
1066 2774 1152 2841 urbis
1174 2798 1267 2860 posse
1288 2798 1395 2842 corru-

319 2888 411 2967 ptum
438 2902 521 2958 esse,
549 2881 618 2947 fieri
646 2887 752 2947 autem
781 2903 845 2946 non
872 2882 1013 2965 potuisse
1040 2887 1077 2945 ut
1097 2882 1286 2948 Plutarchus
1308 2884 1354 2948 ita
1376 2906 1397 2949 a

319 2988 412 3055 Liuio
445 2987 634 3066 discederet,
668 2988 695 3053 si
722 2993 876 3071 perpetuo
909 3003 981 3053 eum
1002 2994 1077 3060 anta
1099 2990 1204 3054 nemos
1226 2989 1396 3056 habuisset.

319 3096 400 3161 haec
421 3093 526 3159 omnia
541 3093 568 3159 si
583 3098 686 3157 tecum
707 3094 913 3177 reputaueris‚
935 3094 1027 3159 huius
1050 3094 1149 3177 partis
1167 3095 1262 3173 uitae,
1286 3118 1396 3180 quam·
1419 3127 1421 3141 ·

322 3222 419 3283 quam
439 3199 504 3263 fere
527 3199 631 3263 omnia
652 3200 821 3264 concinunt
842 3220 915 3264 cum
929 3198 1029 3277 Liuio,
1051 3199 1171 3264 fontem
1192 3202 1298 3284 potius
1320 3223 1397 3267 eun-

322 3306 395 3373 dem
416 3310 577 3370 auctorem
598 3326 661 3389 quo
684 3306 780 3370 etiam
800 3306 911 3371 Liuius
932 3327 1008 3371 usus
1031 3314 1080 3371 est
1100 3326 1197 3390 quam
1218 3307 1321 3391 ipsum
1342 3308 1396 3371 Li-

322 3413 409 3477 uium
435 3410 540 3489 finisse,
569 3410 657 3475 illam
682 3431 758 3476 uero
786 3410 869 3475 Liuii
891 3414 1078 3478 sententiam
1106 3433 1146 3477 en
1167 3414 1318 3477 memoria
1340 3414 1396 3478 ad-

323 3520 437 3585 iectam
459 3538 526 3582 esse
548 3536 569 3581 a
590 3516 759 3583 Plutarcho
780 3516 942 3584 iudicabis.
1027 3596 1034 3609 ι
1271 3575 1273 3578 .

430 3624 517 3701 Quae
534 3623 721 3690 Plutarchus
735 3645 803 3708 cap.
820 3624 943 3689 XXVII
957 3623 1033 3690 dicit
1052 3624 1092 3688 de
1105 3625 1321 3698 ruminatione
1336 3626 1398 3690 Pu·
1442 3661 1444 3663 v

324 3730 408 3797 blicii
429 3730 536 3794 Bibuli
557 3730 675 3795 tribuni
686 3729 807 3814 ‘plebis
832 3731 887 3814 qui
908 3730 947 3795 de
962 3729 1144 3813 abrogando
1165 3732 1297 3815 imperio
1312 3732 1398 3797 Mar-

325 3838 395 3903 celli
417 3837 524 3921 egerit,
547 3835 587 3901 de
609 3836 738 3902 aedibus
760 3836 881 3901 Honori
903 3858 941 3901 ac
963 3836 1123 3901 Virtutis
1146 3838 1295 3903 Marcello
1310 3838 1399 3903 dedi-

325 3945 413 4021 catis,
436 3942 476 4008 de
499 3942 651 4008 seditione
672 3942 818 4007 Etruniae
841 3943 882 4007 ab
905 3943 1016 4007 eodem
1037 3942 1157 4020 sedata,
1180 3943 1219 4007 de
1239 3943 1399 4027 prodigiis,

325 4071 407 4135 quae
418 4049 640 4134 impedimento
651 4048 768 4115 fuerint
778 4050 944 4133 quominus
956 4049 1123 4115 Marcellus
1133 4050 1239 4132 copias
1256 4048 1401 4116 educeret

325 4155 475 4223 aduersus
502 4154 721 4233 Hannibalem,
755 4154 957 4220 inueniuntur
989 4155 1075 4239 apud
1107 4155 1233 4220 Liuium
1254 4155 1399 4240 (XXVII,

326 4261 484 4347 20-25),
516 4267 622 4327 tamen
644 4282 708 4327 non
740 4281 840 4346 aeque
871 4263 1040 4330 concinunt
1068 4282 1139 4327 cum
1161 4283 1199 4327 eo
1228 4267 1324 4345 atque
1353 4262 1400 4338 sai

326 4388 408 4452 quac
450 4368 590 4451 proxime
635 4368 903 4452 perlustrauimus
970 4367 1134 4451 pulchram
1176 4372 1209 4433 et
1250 4368 1402 4451 insignem

327 4475 440 4542 excelsi
463 4474 559 4540 animi
586 4471 728 4545 Marcelli
756 4474 1028 4559 adumbratiqnem
1050 4474 1090 4539 de
1112 4495 1170 4539 suo
1192 4474 1306 4539 adiecit
1326 4474 1402 4538 Plu·

327 4582 463 4649 tarchus.

355 4694 358 4701 '
433 4687 616 4753 Accedimus
652 4687 693 4751 ad
734 4694 905 4754 extremam
943 4688 1028 4753 uitae
1060 4692 1199 4772 partem,
1235 4708 1306 4751 cum
1340 4708 1403 4769 qua
