3417 5567
742 636 962 703 ,33-

317 854 431 917 nauem
451 850 605 917 arteriam
620 849 898 917 ordineismonum
913 853 999 948 actes
1014 866 1083 913 osse
1098 846 1198 933 (vm,
1214 847 1258 932 6).
1294 868 1388 935 quam

314 963 385 1023 tam
417 957 575 1041 copiosam
606 974 644 1021 uc
674 957 792 1023 claram
823 954 1068 1038 descriptionem
1093 951 1216 1037 Polybii
1237 953 1293 1039 qui
1314 958 1387 1017 aute

317 1064 424 1130 ocules
455 1062 553 1129 habet
582 1066 620 1127 ut
645 1083 817 1146 perperam¹
839 1062 1064 1146 interpretetur
1093 1059 1162 1125 fieri
1188 1073 1252 1124 non
1274 1063 1386 1142 potest

316 1171 425 1258 itaque
444 1190 577 1235 necesse
599 1174 705 1235 estut
725 1169 825 1233 elium
843 1166 1030 1235 Plutarchus
1050 1165 1197 1231 habuerit
1217 1172 1387 1243 auctorem,

317 1276 373 1364 qui
398 1282 586 1361 apparatum
611 1275 754 1341 Marcelli
781 1280 837 1341 aut
862 1275 939 1340 itam
967 1295 1004 1339 ac
1030 1272 1216 1339 Plutarchus
1236 1277 1294 1338 aut
1314 1272 1388 1337 stri·

317 1381 392 1446 otim
423 1402 461 1447 ao
481 1382 594 1447 minus
624 1381 707 1447 oleae
737 1380 945 1465 descripserit,
975 1384 1012 1444 ut
1032 1379 1122 1444 illum
1140 1398 1244 1444 errore
1264 1378 1389 1462 lapsum
1519 1368 1526 1373 ’

318 1506 387 1551 esse
416 1487 521 1571 putari
554 1488 681 1571 possit.-
715 1486 837 1553 aocodIt
867 1485 952 1575 quod
987 1486 1068 1550 altar
1098 1505 1196 1551 naues
1221 1505 1287 1549 una
1316 1506 1389 1549 cum

318 1592 465 1659 machina
500 1593 556 1659 illa
600 1592 766 1659 sambucae
800 1593 941 1677 speciem
980 1590 1159 1676 praebuisse
1189 1591 1270 1682 (Pol.
1301 1590 1388 1668 VIII,

318 1700 372 1785 6),
394 1700 475 1765 alter
496 1699 598 1783 ipsam
630 1698 999 1769 machinamsambuoae
1031 1698 1164 1763 similem
1184 1697 1280 1763 fiisse
1311 1698 1388 1763 dicit

195 1896 198 1901 ι
318 1805 415 1893 (Plut.
438 1806 506 1884 XV,
536 1806 606 1893 20).
662 1813 701 1872 ac
731 1807 759 1871 si
780 1811 880 1913 recte·
887 1806 1014 1871 Liuium
1034 1805 1156 1889 Polybii
1176 1804 1388 1869 narrationem
1526 1851 1530 1861 .

317 1912 382 1978 fora
415 1913 581 1997 integram
610 1914 755 1980 exhibere
793 1914 969 1991 statuimus,
1000 1912 1132 1979 fortasse
1162 1912 1325 1977 Plutarchi
1351 1918 1388 1978 et

316 2019 439 2103 Polybii
470 2020 636 2086 discrimen
666 2021 907 2087 existimandum
934 2025 997 2098 est,
1031 2020 1116 2107 quod
1143 2019 1252 2084 Limus
1287 2019 1387 2097 XXV,

315 2126 361 2191 23
383 2132 412 2210 §-
436 2127 457 2191 3
492 2126 568 2193 dicit
594 2133 728 2206 turrem,
751 2129 963 2214 iuxtaquam
985 2125 1120 2191 Romani
1140 2143 1263 2192 murum
1284 2131 1387 2191 trans·

317 2234 518 2313 scandebant,
547 2236 699 2301 intentius
727 2234 917 2301 custoditam
950 2254 1027 2312 csse,
1060 2214 1248 2299 Plutarchus
1282 2238 1387 2299 autom

317 2338 433 2417 XVIII,
461 2342 504 2405 13
531 2347 650 2407 turrem
677 2340 809 2412 eandem
829 2338 986 2425 praesidio
1008 2338 1169 2406 defensam
1190 2359 1260 2405 osso
1279 2339 1387 2405 tradit

316 2445 424 2532 itaque
451 2446 478 2510 si
506 2465 564 2511 nec
590 2446 699 2513 Liuium
726 2467 785 2513 nec
812 2446 960 2531 Polybius
980 2445 1050 2513 fons
1071 2446 1132 2511 hit
1151 2446 1322 2524 Plutarchi
1344 2447 1387 2512 si-

316 2550 529 2617 militudinum
557 2573 637 2640 quae
660 2553 722 2618 alia
740 2572 812 2617 esse
839 2557 946 2635 potest
971 2573 1072 2633 causa,
1088 2572 1185 2639 quam
1207 2551 1290 2617 idem
1312 2558 1346 2617 et
1363 2574 1388 2619 a

317 2656 447 2741 Polybio
475 2662 510 2723 et
542 2679 563 2723 a
595 2657 764 2723 Plutarcho
795 2662 963 2746 [muluatus
993 2662 1112 2745 auctor,
1140 2677 1234 2745 quem
1254 2656 1388 2723 Fabium

317 2764 472 2829 Pictorem
501 2784 568 2829 esse
597 2784 692 2847 supra
719 2762 929 2852 probardmus.
959 2798 1003 2811 --
1031 2768 1089 2829 aut
1107 2764 1206 2848 ipsius
1225 2763 1388 2829 Plutarchi

317 2869 480 2935 doctrinae
494 2874 553 2934 aut
572 2869 643 2935 aliis
666 2868 804 2935 fontibus
826 2867 1015 2952 assignanda
1035 2874 1110 2933 sunt
1130 2888 1213 2956 quae
1233 2868 1273 2933 de
1295 2868 1387 2934 disci-

317 2975 404 3060 plina
436 2974 618 3042 mechanica
650 2981 683 3041 et
702 2976 911 3061 >praestantia
943 2975 1145 3058 geometriae,
1178 2974 1219 3046 dc
1250 2975 1387 3042 moribus

317 3081 487 3169 dininoquo
517 3083 640 3166 ingenio
673 3082 868 3149 Archimedis
900 3081 1073 3166 disputauit
1106 3080 1205 3168 (XIV,
1239 3081 1386 3158 21-603

317 3188 423 3267 XVII,
452 3189 607 3274 16-4ἵ).
652 3209 670 3254 c
697 3189 793 3255 uariis
816 3188 995 3253 aructonbus
1018 3186 1267 3253 narratiunculas
1288 3187 1386 3253 inter-

317 3295 433 3361 fectio
455 3294 555 3361 milite
576 3294 717 3361 Romano
739 3293 1147 3387 Archimedisoongessisse
1169 3291 1303 3359 uidetur.
1337 3297 1396 3359 aa..

314 3418 379 3490 oua
399 3402 533 3486 primam
554 3422 663 3468 earum
676 3401 774 3469 Fabio
788 3402 906 3468 Pistori
923 3400 1029 3468 deberi
1049 3400 1119 3467 uari
1132 3399 1233 3465 simile
1251 3406 1312 3478 est,
1335 3420 1386 3465 oe»

316 3516 456 3577 terarum
484 3515 589 3575 autem
618 3514 761 3575 auctores
788 3508 843 3597 qui
869 3508 986 3575 fuerim
1017 3506 1161 3573 indicari
1182 3526 1246 3573 non
1272 3509 1387 3590 potem,

316 3617 392 3705 quia
419 3616 473 3703 qui
499 3615 672 3681 accuratius
699 3614 739 3683 de
768 3618 870 3681 morte
896 3612 1089 3681 Archimedis
1117 3616 1247 3696 egerunt
1268 3610 1386 3698 (Valor.

315 3724 401 3791 Max.
424 3723 509 3801 VIII,
526 3724 563 3787 ·7
587 3727 649 3787 ext.
674 3722 709 3799 ῖς
736 3723 847 3790 Zonar.
869 3722 925 3799 lx,
946 3720 987 3798 ὃς
1014 3721 1054 3789 of.
1077 3720 1178 3787 Tacta.
1200 3718 1309 3801 fragm
1332 3740 1385 3785 su·

317 3850 376 3914 pra
396 3829 573 3914 laudatur)
596 3850 667 3895 cum
688 3829 776 3895 nulla
797 3828 985 3912 conspirant.
1037 3848 1121 3915 quae
1143 3829 1226 3914 (cap.
1249 3825 1324 3911 XX)
1346 3824 1386 3893 de

316 3936 408 4004 Nicia
430 3941 629 4019 exponuntur
649 3944 674 4001 e'
687 3933 854 4002 Posidonio
875 3940 1092 4018 esse1sumpta
1112 3934 1180 4019 ipsc
1200 3930 1387 4001 Plutarchus

317 4042 474 4127 pmlassus
491 4047 553 4107 est.
668 4078 670 4083 ·
789 4070 791 4079 ·

381 4190 383 4195 ,
423 4148 468 4219 Ut
491 4152 586 4213 antea
603 4148 679 4214 itam
700 4147 734 4213 in
755 4148 793 4215 iis
816 4168 898 4235 quac
916 4152 1065 4213 cocuntur
1085 4144 1238 4230 capitibus
1260 4146 1387 4213 insani-

318 4246 444 4319 uer'sum
472 4242 627 4319 musentit
648 4254 836 4322 Plutarchus
856 4275 927 4319 cnm
944 4254 1056 4331 minio,
1078 4253 1133 4340 qni
1145 4251 1240 4317 'solus
1261 4250 1388 4320 θιέιίιιιι

317 4378 367 4425 res
389 4358 484 4443 paulo
506 4359 639 4444 amplius
662 4360 815 4427 narrauit
841 4357 1043 4425 ,Marcellum
1064 4358 1256 4425 ornamentis
1278 4363 1387 4443 capta·

317 4462 630 4549 rcmSyrecusarum
648 4465 873 4553 pulcherrimis
899 4465 1032 4530 Romam
1045 4462 1227 4548 deportatis
1252 4466 1389 4549 primum

317 4570 475 4637 Romanus
504 4570 694 4640 Gmccarum
715 4572 831 4637 mtium
852 4592 950 4655 opera
968 4570 1076 4637 mirari
1098 4569 1250 4647 docuisse,
1270 4569 1387 4642 multo·

317 4699 396 4750 rum
410 4683 516 4743 autem
537 4678 688 4745 inuidiam
701 4678 762 4746 sibi
777 4678 978 4756 matriniaco,
1000 4684 1162 4765 tamquam
1182 4674 1298 4744 ciuium
1319 4677 1388 4746 aci·
