3417 5567
750 644 970 711 „23..

329 854 424 929 tidem
446 855 562 925 addere
584 862 617 923 et
643 874 745 946 aeque
766 863 863 945 atque
876 809 980 923 'mus
997 854 1198 922 Plutarchum
1220 860 1252 921 et
1274 854 1397 921 Liuimn

328 982 346 1027 e
367 961 468 1030 Fabio
479 964 614 1033 Pictore
632 966 783 1045 hausisse,
804 965 968 1050 Polybium
988 984 1063 1029 uero
1084 966 1118 1029 in
1139 964 1199 1028 hac
1220 982 1336 1113 pugna
1340 964 1395 1028 do-

328 1068 495 1136 soribenda
516 1071 638 1158 longius
661 1073 701 1138 ab
723 1094 761 1138 eo
781 1073 955 1140 recessisse.

344 1242 347 1247 ·
433 1212 562 1291 Quae
553 1236 586 1278 m
616 1214 766 1299 proximis
800 1211 1058 1305 capitibust
984 1212 1058 1279 Plut
1059 1210 1171 1277 archus
1200 1213 1329 1299 exponit
1315 1208 1396 1276 tde

326 1320 559 1407 perturbatione
580 1320 698 1386 Romae
721 1326 791 1387 orta
816 1322 913 1386 allato
945 1321 1053 1385 nuntio
1077 1318 1246 1385 Cannensis
1269 1320 1395 1385 calami-

327 1427 403 1491 tatis
441 1433 474 1491 et
512 1423 551 1492 de
579 1428 809 1506 emolumentis,
844 1446 924 1515 quae
951 1425 1108 1491 Hannibal
1137 1444 1154 1489 e
1182 1426 1314 1491 uictoria
1340 1426 1395 1492 illa

327 1532 510 1620 perceperit,
539 1554 597 1597 nec
624 1532 845 1621 discrepante
867 1530 958 1598 Liuio
982 1552 1040 1597 nec
1061 1520 1229 1615 singularia
1251 1532 1394 1597 similitu-

235 1673 240 1685 ν
328 1634 408 1702 dinis
435 1636 552 1705 indicia
578 1628 746 1727 praebent,
781 1660 798 1703 e
833 1638 946 1731 quibus
979 1636 1119 1703 hausisse
1147 1636 1350 1704 Plutarchum
1377 1661 1394 1703 e

327 1742 418 1810 Liuio
447 1744 692 1811 concludendum
722 1746 771 1811 sit.
822 1747 930 1834 itaque
953 1744 1085 1811 eandem
1107 1766 1201 1833 quam
1223 1750 1317 1811 antea
1339 1746 1395 1812 ob-

328 1850 520 1917 seruauimus
553 1852 706 1917 rationem
737 1854 819 1918 inter
850 1874 902 1919 eos
930 1850 1120 1925 intercedere
1149 1846 1310 1947 probabile
1338 1858 1394 1918 est.

313 1952 453 2022 -Liuium
481 1964 587 2023 autem
613 1960 747 2025 Fabium
774 1960 929 2025 Pictorem
958 1965 1117 2024 auctorem
1138 1958 1282 2025 habuisse
1310 1958 1394 2025 haud

328 2064 392 2127 scio
422 2084 463 2128 an
493 2065 591 2129 conici
613 2067 713 2153 possit
735 2086 774 2130 ex
796 2087 843 2144 eo,
868 2064 951 2152 quod
972 2070 1039 2129 tam
1061 2071 1204 2129 accurate
1225 2064 1334 2131 Liuius
1355 2066 1394 2131 de

328 2167 427 2235 Fabio
448 2169 571 2236 Pictore
592 2171 695 2257 legato
717 2170 856 2259 Delphos
878 2172 972 2236 misso
994 2177 1025 2236 et
1040 2170 1079 2236 de
1093 2192 1241 2259 responso
1263 2172 1394 2238 Romam

328 2276 369 2343 ab
393 2298 429 2342 eo
450 2277 551 2342 relato
573 2279 639 2361 agit
661 2276 775 2365 (XXII,
799 2277 853 2355 573
875 2276 993 2356 XXIII,
1016 2278 1082 2363 11).
1112 2276 1241 2361 insignis
1256 2278 1394 2344 Marcelli

328 2389 361 2449 et
382 2381 473 2448 Fabii
494 2382 624 2449 Maximi
647 2384 838 2472 comparatio
850 2382 882 2469 ⁸⁸)
911 2402 950 2448 ex
971 2383 1069 2471 ipsius
1091 2383 1250 2448 Plutarchi
1271 2386 1394 2469 ingenio

328 2490 476 2556 manauit.
519 2491 770 2555 narratiunculas
796 2510 873 2555 uero
901 2489 1013 2578 quibus
1039 2489 1131 2554 Fabii
1157 2488 1299 2555 humanit
1285 2497 1334 2556 as
1355 2492 1394 2557 rl

328 2577 480 2662 lustratur
512 2599 594 2684 (cap.
617 2592 692 2685 XX)
726 2597 795 2663 aliis
827 2596 1006 2663 auctoribus
1035 2617 1068 2660 se
1091 2595 1235 2661 debere
1225 2620 1291 2681 ipse
1312 2596 1393 2665 indi-

328 2724 400 2769 care
414 2703 540 2787 uidebar
554 2703 672 2769 uerbis·
695 2707 817 2787 λίγειαι
837 2702 892 2785 δὲ,·
914 2700 1085 2787 ταῦταμὲν
1107 2685 1164 2769 odo
1186 2704 1395 2793 περὶτούτων

330 2810 496 2898 ἱστοροῦσι.
540 2829 642 2893 neque
662 2808 771 2875 Liuius
794 2810 891 2875 ullam
916 2830 1022 2873 earum
1044 2809 1233 2874 mentionem
1254 2810 1336 2916 fecit.

433 2947 532 3021 Pardo
559 2934 681 3037 longius
710 2952 956 3020 commoratur
947 2974 980 3017 ιιι
1008 2950 1210 3017 describenda
1237 2923 1396 3037 expugna-

328 3025 414 3125 tione
437 3059 563 3125 Tarenti
586 3059 851 3146 (XXI—XXIH).
897 3079 933 3123 ac
955 3058 1059 3141 plures
1075 3078 1146 3125 eum
1167 3056 1227 3123 hoc
1248 3058 1316 3149 loco
1339 3080 1396 3123 au-

329 3172 431 3231 ctores
454 3166 643 3231 consuluisse
663 3170 753 3251 patet
773 3186 813 3231 ex
836 3186 890 3243 eo,
919 3163 1004 3247 quod
1026 3162 1180 3247 duplicem
1202 3162 1241 3229 de
1269 3140 1397 3252 muliere

330 3293 412 3357 quac
437 3272 595 3362 Bruttium
623 3252 785 3361 quendam
813 3271 855 3335 ad
882 3270 1076 3355 prodendam
1098 3269 1206 3350 urbem
1227 3241 1406 3359 ρθιιθιιιεειι,

330 3378 444 3444 dicitur
470 3355 588 3458 famam
615 3379 722 3464 prodit
751 3378 851 3470 (ΧΧΙ
879 3378 938 3445 23:
967 3378 1064 3447 ταῦτα
1090 3373 1157 3459 μὲν
1174 3400 1232 3443 ovo
1254 3380 1286 3443 oi
1309 3380 1396 3455 πλεῖ·

234 3530 240 3538 ‹
330 3504 398 3551 ocor
419 3482 576 3572 γράφουσι
597 3484 671 3570 περὶ
693 3482 820 3554 τούτων
844 3482 923 3551 ἔνιοι
946 3479 1030 3549 dex.
1053 3506 1077 3547 τ.
1100 3483 1155 3563 λ..)
1178 3480 1234 3547 sed
1255 3482 1298 3548 ad
1319 3506 1399 3569 quos

330 3598 472 3659 auctores
499 3591 718 3686 prouocauerit
731 3570 900 3680 ‚explosam
928 3611 990 3655 non
1017 3593 1137 3673 potest,
1167 3588 1241 3673 quia
1261 3588 1398 3677 ‚Polybio

329 3721 393 3765 non
416 3698 582 3783 superstite
603 3697 747 3781 Appiano
769 3696 886 3784 (Hann.
902 3696 959 3781 49)
983 3701 1015 3759 et
1035 3695 1157 3777 Zonara
1180 3695 1250 3782 (IX,
1272 3694 1309 3781 5)
1331 3718 1398 3763 rem

330 3805 429 3890 magis
462 3804 686 3892 attingentibus
720 3825 816 3889 quam
850 3800 1076 3887 explicantibus
1109 3822 1179 3866 cum
1213 3802 1279 3877 solo
1307 3802 1399 3875 Liuio

436 4159 460 4225 ⁸)
483 4158 646 4212 Plutarchum
668 4174 724 4225 cop,
746 4158 812 4213 XIX
828 4174 877 4214 uon
899 4158 979 4224 magis
997 4154 1094 4211 uerbis:
1117 4154 1205 4231 ὥσπερ
1224 4157 1253 4209 ἐν
1269 4158 1400 4230 τοῖςπερὶ

333 4245 414 4302 αὑτοῦ
435 4250 638 4322 γεγραμμένοις
657 4250 757 4321 εἴρηται
776 4262 854 4314 quum
877 4263 931 4314 cap.
954 4246 1034 4299 XXII
1055 4244 1152 4297 uerbis:
1174 4242 1210 4301 uic
1226 4248 1255 4300 lv
1271 4250 1324 4301 ιοῖς
1337 4246 1400 4317 περὶ

332 4339 433 4390 ἐκεινου
456 4336 605 4407 γέγραπται
623 4337 717 4401 (agitur
738 4340 844 4401 uhoque
862 4334 916 4387 loco
940 4335 972 4385 ds
990 4332 1123 4398 Marcello)
1141 4348 1190 4385 non
1209 4339 1334 4387 auctorem
1351 4334 1399 4387 ali·

332 4441 407 4495 quem
428 4427 472 4493 qui
493 4423 645 4491 peculiarem
668 4425 700 4475 de
722 4423 844 4477 Marcello
867 4424 978 4477 libellmn
1002 4424 1127 4489 scripserit
1148 4422 1265 4482 laudare,
1288 4422 1333 4475 sed
1355 4437 1400 4477 uos

332 4516 365 4566 ad
382 4516 460 4581 Ipsius
476 4514 553 4564 uitam
571 4512 689 4565 Marcelli
708 4515 773 4579 (cap.
792 4514 817 4575 13
836 4514 888 4571 1x;
906 4512 982 4577 XXI)
1000 4526 1119 4565 reuocare
1136 4513 1163 4563 in
1181 4515 1266 4578 aperto
1285 4515 1329 4564 est.
1355 4510 1398 4563 sed

333 4621 365 4655 ex
384 4618 413 4655 eo
431 4603 498 4669 quod
516 4605 542 4659 ιιι
560 4605 613 4653 uita
630 4601 701 4653 Fabii
719 4604 827 4653 Maximi
845 4601 941 4667 relegat
958 4603 990 4653 ad
998 4604 1075 4654 uitam
1087 4599 1204 4653 Marcelli
1221 4598 1336 4653 concludi
1344 4604 1400 4665 pot-

332 4696 369 4741 est
392 4706 447 4743 eum
469 4693 546 4742 uitam
568 4691 685 4743 Marcelli
706 4693 777 4757 prius
799 4694 966 4757 composuisse
989 4706 1063 4757 quam
1086 4693 1162 4743 uitam
1180 4688 1258 4745 Fabii.
