3417 5567
325 864 486 949 grendm
508 862 708 931 Archimedes
731 864 774 931 ed
794 865 1032 933 11de.
1045 867 1156 934 urbem
1175 868 1401 946 instrument,

327 970 512 1055 plerumque
543 976 611 1035 tem
642 976 691 1035 est
722 971 841 1051 similis,
862 979 915 1038 ·ut
940 973 1072 1039 uertisse
1093 960 1402 1058 Lisiruu'Polybimn

328 1081 430 1159 putes.
474 1076 566 1141 nimis
596 1096 671 1141 uero
698 1091 750 1142 ree
766 1076 987 1163 'perstringere
1015 1080 1144 1146 studens
1165 1079 1321 1170 quaedum
1343 1079 1401 1146 ob
1479 1066 1484 1072 ’

327 1181 469 1247 senreuit
496 1188 552 1247 aut
570 1183 709 1247 inuertit
730 1183 847 1265 Liuius,
861 1185 1005 1269 'impetus
1026 1190 1119 1251 udote
1141 1207 1162 1251 a
1183 1186 1332 1257 Mareello
1352 1185 1401 1251 ie—

327 1287 373 1352 oti
403 1287 523 1353 nullam
554 1289 744 1354 mentionem
774 1289 858 1355 feeit.
912 1297 947 1357 nt
974 1300 1046 1356 oum
1067 1291 1293 1370 sambucorum,
1322 1312 1401 1375 quae

324 1393 442 1459 iunotis
470 1393 550 1459 binis
579 1395 853 1478 quinqueremibus
879 1396 1044 1480 impositos
1071 1417 1141 1461 esse
1169 1397 1400 1463 uoouretissime

325 1498 494 1583 descripsit
520 1501 684 1585 Polybium,
712 1502 831 1571 nullam
859 1504 1049 1569 mentionem
1074 1503 1184 1572 feeerit
1204 1504 1323 1581 Liuius,
1345 1502 1401 1569 sed

327 1610 430 1695 turres
444 1607 661 1697 contabulatas
676 1608 989 1693 maohimmenteque
1002 1608 1068 1675 ulle
1079 1611 1114 1675 in
1124 1611 1186 1675 illie
1201 1610 1334 1676 nauibus
1344 1630 1400 1676 ex-
1458 1652 1465 1661 =

327 1717 449 1777 structe
470 1732 539 1778 eree
561 1714 743 1799 prodiderit,
764 1736 838 1781 eum
851 1723 979 1800 praeter
1001 1716 1167 1801 Polybium
1185 1714 1322 1783 eltemm
1341 1738 1400 1782 au—

326 1824 448 1885 ctorem
469 1821 661 1885 oonsuluisse
683 1842 807 1887 moeses
830 1827 936 1887 estut
957 1823 1179 1890 existimemus.
1207 1823 1303 1889 item
1318 1842 1401 1907 quse

323 1932 449 1991 restent
469 1927 608 2010 quinquo
630 1927 806 2011 fragments
827 1927 949 2013 Polybii
968 1928 1071 2014 (Vm,
1093 1929 1152 2005 363
1175 1930 1235 2014 37)
1255 1928 1400 2013 quemuis

325 2034 392 2099 sint
423 2034 536 2118 exiguo.
563 2039 720 2103 testantur
746 2035 844 2099 etiam
870 2035 1156 2119 inexpugnatione
1176 2033 1400 2120 speramur

324 2139 531 2205 describenda
558 2140 684 2206 Liuium
703 2140 827 2227 Polybii
853 2142 989 2224 uestigia
1012 2142 1176 2229 pressisse
1202 2144 1295 2225 Iquee
1329 2160 1400 2205 cum

324 2246 374 2311 ite
401 2247 466 2311 sint
493 2247 619 2313 omnino
638 2248 675 2311 in
696 2246 924 2312 rebusSioulis
945 2246 1113 2313 remundis
1132 2247 1258 2312 Liuium
1278 2246 1401 2331 Polybii

324 2354 547 2419 auctoritatem
575 2358 815 2431 secutumesse,
844 2375 919 2420 roro
937 2355 1091 2419 eltemm·
1106 2359 1266 2419 auctorem
1289 2373 1399 2419 consu-

324 2458 421 2523 luisse
449 2460 612 2544 probabile
638 2466 695 2525 est.
723 2497 766 2509 —-
794 2462 895 2545 etque
919 2462 1016 2527 etium
1039 2463 1125 2545 quud
1150 2461 1338 2543 Plutarchus
1360 2460 1400 2529 de

325 2565 420 2631 rebus
452 2566 563 2633 Siculis
596 2568 741 2652 exposuit
772 2585 843 2633 euru
864 2568 935 2640 ‚heo
960 2568 1134 2653 Polybiane
1150 2567 1339 2635 =nnrretione
1366 2570 1400 2634 in

325 2659 508 2738 uniuersum
533 2680 725 2757 sormunt,
754 2680 793 2739 ut
818 2675 913 2763 nullu¹
932 2674 1309 2759 sit'oontrouersie·quin
1329 2676 1399 2750 uin·

325 2778 397 2843 oulo
425 2778 563 2862 quodem
589 2780 874 2845 cohaereant-oum
896 2800 949 2845 en.x
985 2780 1204 2846 similitudines
1227 2802 1302 2847 uero
1321 2789 1400 2847 unm

323 2907 365 2953 ex
387 2886 529 2952 adhibito
552 2888 682 2971 Polybio
702 2908 747 2953 en
775 2908 793 2951 e
815 2886 906 2953 Liuio
927 2908 969 2952 nn
993 2907 1011 2952 e
1031 2888 1188 2953 commui
1210 2892 1243 2951 et
1264 2909 1285 2951 a
1305 2886 1399 2971 Poly-

325 2992 388 3058 bio.
411 2997 444 3057 et
480 3014 500 3057 a
539 2993 707 3059 Plutarcho
740 2992 892 3077 usurpato
923 2993 1012 3060 fonte
1044 2991 1192 3058 duxerint
1219 2991 1399 3076 diligentius

325 3098 539 3183 quaerendmu
560 3103 616 3164 est.
661 3118 699 3163 ee
721 3099 846 3163 Liuium
865 3093 1176 3182 quidemPluterohi
1196 3099 1315 3165 fontem
1334 3119 1399 3178 non

324 3204 421 3271 brisso
443 3211 563 3271 eertum
585 3212 642 3271 est.
668 3226 761 3271 nem
779 3211 819 3271 ut
839 3207 1020 3271 omittemus
1042 3205 1209 3271 dioere'de
1229 3203 1399 3283 leuioribus

323 3312 543 3399 discrepentiis
571 3312 612 3402 de
642 3330 691 3390 eo,
722 3310 812 3397 quod
835 3312 944 3377 liuius
976 3313 1074 3377 olium
1091 3317 1254 3379 auctorem
1276 3312 1400 3380 seontus

325 3420 419 3485 oliter
445 3440 484 3485 oe
510 3418 658 3505 Polybius
686 3418 839 3505 exposuit,
860 3420 1054 3485 Plutorolms
1072 3419 1151 3485 iuuit
1174 3440 1248 3486 oum
1268 3420 1399 3507 Polybio

324 3532 422 3611 etque
444 3526 571 3592 erdribet
592 3527 636 3605 id,
658 3528 744 3612 qnod
765 3526 876 3593 Liuius
894 3527 1116 3612 praetermisit,
1138 3526 1281 3611 pluribus
1300 3546 1399 3611 egens

324 3631 365 3726 de
387 3634 537 3699 sumbuoa
552 3630 656 3713 etde'
673 3635 795 3719 impetn
816 3639 910 3699 noete
930 3654 952 3698 u
972 3630 1121 3699 tinitollo
1141 3638 1297 3717 srnoepto.
1340 3654 1399 3718 pe·

321 3744 375 3805 tet
403 3740 610 3805 Plutarchum
643 3726 770 3824 propius
803 3739 972 3805 tenedum·
986 3738 1028 3805 ed
1059 3738 1233 3824 Polybium
1275 3739 1334 3805 sed
1358 3760 1399 3807 ne

324 3864 363 3911 eo
385 3842 512 3930 quidem
538 3864 615 3910 usus
633 3850 691 3915 est.
735 3846 814 3911 nem'
831 3845 875 3911 ud
891 3850 1054 3910 exterum
1073 3846 1211 3929 speeiem
1230 3845 1399 3931 respiciens

324 3950 443 4019 nudem
463 3953 600 4037 reperies
621 3958 678 4019 ent
698 3952 842 4019 bodonis
858 3958 915 4017 aut
925 3950 1140 4036 dispositionis
1153 3951 1398 4031 similitudinem,

325 4058 411 4144 quod
433 4078 509 4124 sone
532 4060 645 4124 mirum
666 4064 758 4136 esset,
781 4059 809 4123 si
822 4058 1026 4143 praecipuum
1039 4064 1199 4123 auctorem
1212 4058 1399 4128 Pluterelms

323 4166 486 4235 habuisset
499 4164 671 4250 Polybium.
701 4170 798 4249 etque
813 4170 956 4249 puguant
972 4161 1068 4230 etism
1082 4165 1165 4230 inter
1179 4184 1222 4242 ee,
1238 4184 1310 4232 eum
1323 4164 1398 4229 Plu·

323 4272 452 4339 terohus
467 4272 574 4356 prodit
589 4270 771 4337 Marcellum
786 4276 857 4337 oete
873 4270 1189 4355 quinqueremes'uno
1198 4270 1398 4355 meguuinffi

323 4379 486 4462 colligasse
499 4377 533 4441 in
548 4396 646 4465 eoque
656 4374 1151 4462 sembuusmexsbuxieeofflv,
1174 4376 1216 4441 17
1219 4402 1227 4454 3
1243 4374 1313 4454 XV,
1330 4378 1397 4462 19),

322 4484 470 4571 Polybius
485 4488 591 4548 eutem
606 4480 741 4547 dilueide
763 4482 906 4567 erplioet
918 4487 997 4548 oete
1014 4478 1283 4570 quinqueremirun
1296 4482 1397 4560 binae,

323 4592 415 4661 elteri
432 4590 530 4656 remis
548 4587 671 4655 dextris
691 4588 783 4654 elteri
802 4588 938 4657 sinistris
954 4589 1095 4673 demptis
1115 4587 1270 4676 nudisque
1288 4586 1397 4653 leteri-

324 4696 387 4765 bust
411 4695 577 4781 cupidatis,
604 4694 738 4780 singulis
763 4694 919 4762 eeimbueie
939 4696 1116 4761 instructoe
1132 4716 1171 4760 eo
1193 4694 1398 4760 soluturam
