3417 5567
339 848 433 919 fidem
455 850 571 919 addere
593 856 626 919 et
652 870 753 941 aeque
775 859 872 941 atque
884 800 989 917 *anea
1006 849 1208 917 Phrtamhum
1229 856 1261 915 et
1283 849 1407 917 Lirim

337 976 355 1023 e
376 957 477 1024 Fabio
497 958 622 1026 Pictore
641 961 791 1041 bausIsse,
812 960 977 1046 Polybium
997 980 1072 1025 uero
1092 961 1127 1024 in
1147 959 1208 1023 hac
1228 978 1336 1108 pagna
1342 958 1405 1024 ds·

337 1063 503 1131 scribenda
525 1064 647 1150 longius
669 1068 710 1133 ab
731 1088 769 1133 eo
791 1068 964 1140 acamisso

353 1233 356 1241 ⁴
442 1207 571 1286 Quae
562 1230 594 1274 111
626 1208 775 1294 proximis
809 1208 964 1299 capitibus
992 1205 1180 1276 Plutarchus
1209 1208 1338 1295 exponit
1366 1204 1406 1271 de

335 1314 567 1401 perturbatione
589 1314 706 1382 Romae
730 1321 799 1381 orta
825 1317 922 1381 allato
954 1320 1032 1381 nunt
1032 1316 1062 1379 ic
1018 1314 1255 1380 tCannensis
1278 1314 1404 1380 calami-

336 1421 411 1485 tatis
450 1426 482 1485 et
468 1420 559 1486 tde
588 1418 818 1500 emolumentis,
852 1443 933 1509 quae
959 1419 1117 1486 Hannibal
1145 1440 1162 1484 e
1190 1421 1322 1487 uictoria
1349 1422 1405 1487 illa

335 1527 518 1614 perceperit,
547 1547 605 1592 nec
634 1527 812 1616 discrepant
833 1550 854 1593 a
875 1526 966 1593 Liuio
990 1548 1049 1593 nec
1070 1526 1238 1610 singidaria
1260 1528 1404 1593 similitu-

245 1664 248 1680 ·
336 1630 417 1696 dinis
444 1632 560 1699 indicia
586 1633 754 1723 praebent,
789 1655 806 1698 e
842 1633 955 1725 quibus
988 1632 1128 1697 hausisse
1155 1632 1358 1699 Plutarchum
1386 1657 1404 1699 e

336 1737 428 1803 Liuio
456 1739 701 1805 concludendum
730 1740 779 1806 sit.
830 1742 939 1829 itaque
962 1740 1093 1806 eandem
1115 1761 1210 1827 quam
1231 1745 1325 1806 antea
1348 1741 1404 1807 ob-

202 1864 206 1877 ’
336 1844 529 1911 seruauimus
561 1848 714 1913 rationem
745 1848 828 1914 inter
858 1868 911 1913 eos
939 1846 1129 1920 intercedere
1157 1841 1318 1941 probabile
1347 1854 1403 1913 est.

336 1947 461 2016 Liuium
490 1959 596 2018 autem
622 1954 755 2020 Fabium
783 1955 938 2021 Pictorem
966 1960 1125 2020 auctorem
1146 1953 1291 2021 habuisse
1318 1954 1404 2020 haud

336 2058 400 2122 scio
431 2079 472 2123 an
502 2059 599 2124 conici
622 2061 728 2148 possit
743 2081 782 2125 ex
805 2082 851 2139 eo,
876 2059 959 2148 quod
981 2065 1047 2125 tam
1069 2066 1213 2125 accurate
1233 2060 1342 2127 Liuius
1364 2062 1403 2127 de

336 2161 435 2229 Fabio
456 2163 579 2231 Pictore
601 2165 704 2253 legato
725 2164 864 2254 Delphos
886 2166 980 2230 misso
1002 2172 1034 2230 et
1048 2165 1087 2230 de
1102 2187 1249 2255 responso
1271 2168 1403 2234 Romam

336 2270 377 2337 ab
400 2292 437 2336 eo
459 2271 558 2337 relato
581 2274 647 2356 agit
669 2271 783 2360 (XXII,
807 2271 862 2350 573
883 2270 1001 2351 XXIII,
1024 2273 1090 2357 11).
1121 2272 1249 2356 insignis
1264 2275 1403 2340 Marcelli

337 2383 369 2443 et
390 2376 481 2443 Fabii
503 2377 632 2443 Maximi
655 2379 846 2467 comparatio
858 2378 890 2465 ¹³)
919 2379 1077 2467 exipsius
1099 2378 1258 2444 Plutarchi
1279 2381 1403 2464 ingenio

336 2484 484 2550 manauit.
529 2484 778 2550 narratiunculas
805 2505 881 2550 uero
909 2484 1021 2573 quibus
1048 2483 1139 2549 Fabii
1165 2485 1342 2552 humanitas
1363 2487 1402 2552 il-

337 2591 488 2655 lustratur
521 2593 602 2678 (cap.
625 2586 700 2679 XX)
734 2592 803 2657 aliis
835 2588 1014 2657 auctoribus
1043 2612 1076 2655 se
1099 2590 1211 2656 debere
1233 2594 1299 2677 ipse
1320 2592 1402 2659 indi-

337 2718 408 2763 care
422 2697 547 2783 uidetur
561 2697 680 2764 uerbis:
703 2700 825 2782 λέγεται
846 2696 901 2781 sig
922 2700 1018 2766 ταῦτα
1032 2694 1094 2782 μὲν
1115 2680 1172 2766 οὖν
1194 2700 1264 2789 περὶ
1286 2698 1404 2768 τούτων

338 2806 504 2892 ἱστοροῦσι.
548 2822 650 2887 neque
670 2803 778 2870 Liuius
802 2805 900 2870 ullam
923 2825 1030 2869 aarum
1052 2803 1241 2870 mentionem
1262 2806 1345 2872 fecit.

441 2945 540 3014 Paulo
566 2947 689 3033 longius
718 2953 929 3015 commoratur
955 2947 987 3011 in
1015 2945 1218 3012 describenda
1245 2967 1404 3032 expugna-

337 3054 422 3119 tione
445 3053 571 3120 Tarenti
594 3052 860 3141 (XXI—XXIH).
904 3074 941 3117 ac
963 3052 1067 3137 plures
1083 3073 1154 3119 eum
1174 3051 1235 3118 hoc
1256 3053 1324 3119 loco
1347 3075 1404 3120 au·

337 3166 439 3227 ctores
462 3161 651 3226 consiluisse
671 3164 761 3245 patet
781 3180 821 3225 ex
844 3180 898 3237 eo,
927 3157 1011 3242 quod
1033 3158 1188 3241 duplicem
1210 3157 1249 3224 de
1276 3160 1406 3227 muliere

338 3287 419 3352 quae
445 3267 547 3332 Brutt
510 3271 603 3332 tt1um
636 3266 793 3355 quendam
820 3265 862 3331 ad
890 3264 1083 3349 prodendam
1105 3264 1215 3331 urbem
1235 3267 1405 3354 perlexisse

338 3373 451 3439 dicitur
478 3374 596 3443 famam
623 3373 729 3458 prodit
759 3372 859 3464 (XXI
886 3373 946 3439 23·
974 3374 1072 3441 ταῦτα
1098 3368 1160 3455 μὲν
1182 3354 1240 3439 eds
1262 3376 1294 3440 οἱ
1316 3375 1405 3444 πλεῖ-

242 3523 248 3532 -
338 3497 406 3547 cccc
427 3477 584 3566 γράφουσι
606 3478 678 3565 περὶ
701 3476 827 3547 τούτων·
852 3476 931 3545 ἔνιοι
954 3474 989 3545 δὲ
1010 3504 1037 3543 κ.
1060 3501 1085 3543 c.
1108 3478 1163 3557 λ..)
1186 3477 1241 3542 sed
1263 3479 1306 3544 ad
1326 3501 1407 3563 quos

338 3592 479 3655 auctores
507 3586 725 3671 prouocauerit
749 3586 908 3677 explorari
935 3605 998 3649 non
1023 3588 1144 3669 potest,
1174 3584 1249 3667 quia
1268 3584 1405 3673 ,Polybio

337 3715 401 3759 nou
424 3693 590 3777 superstite
611 3692 754 3776 Appiano
776 3691 894 3779 (Hann.
909 3691 967 3776 49)
990 3696 1022 3754 et
1043 3690 1165 3771 Zonars
1187 3690 1257 3776 (IX,
1280 3690 1316 3777 5)
1338 3713 1405 3758 rem

337 3800 436 3885 magis
470 3798 693 3885 attingentibus
728 3819 824 3882 quam
859 3796 1083 3881 explicantibus
1116 3818 1187 3861 cum
1220 3796 1287 3873 solo
1314 3797 1406 3865 Liuio

443 4153 468 4220 ’)
490 4152 652 4207 Plutarchum
675 4168 731 4219 cap.
754 4152 819 4207 XIX
836 4167 885 4207 uon
906 4153 987 4219 magle
1004 4149 1101 4204 uerbis:
1123 4149 1213 4226 ὥσπερ
1230 4153 1260 4205 ir
1276 4156 1330 4208 τοῖς
1343 4154 1408 4226 napi

340 4238 422 4297 αὐτοῦ
443 4244 645 4316 γεγραμμένοις
664 4245 764 4315 εἴρηται
784 4256 862 4309 quam
884 4258 939 4307 cap.
961 4240 1041 4293 XXII
1062 4238 1160 4293 uerbis:
1181 4237 1218 4297 sic
1232 4243 1262 4294 ἰν
1278 4246 1332 4297 sois
1344 4243 1407 4313 napi

339 4333 440 4383 ἐκείνου
463 4331 612 4401 γέγραπται
630 4332 724 4396 (agitur
745 4334 851 4396 utroque
869 4329 924 4381 loro
946 4330 979 4381 de
997 4326 1131 4392 Marcello)
1148 4344 1198 4380 non
1216 4335 1341 4383 sucmrem
1357 4329 1407 4383 sii-

340 4435 414 4488 quem
435 4421 480 4486 qui
501 4417 652 4486 peculiarem
674 4419 707 4470 de
729 4418 851 4471 Marcello
874 4418 985 4471 libellum
1009 4420 1134 4484 scripserit
1155 4417 1272 4478 laudare,
1295 4418 1340 4471 ssd
1362 4433 1407 4471 uos

339 4509 372 4560 ad
390 4509 467 4574 Ipsius
483 4508 561 4559 ultam
579 4507 695 4559 Marcelli
715 4509 780 4573 (cap.
799 4508 824 4569 13
843 4508 896 4566 IX·‚
914 4506 989 4572 XXI)
1008 4508 1170 4559 reuocatam
1188 4510 1274 4573 aperto
1292 4512 1336 4560 est
1362 4507 1405 4559 sed

340 4614 373 4649 ex
391 4612 421 4648 eo
439 4596 505 4663 quod
523 4600 549 4653 iu
567 4598 620 4648 uits
637 4595 709 4648 Fabii
726 4598 834 4649 Maxim
852 4596 948 4661 relegat
964 4597 1082 4649 aduitsm
1094 4594 1212 4649 Marcelli
1228 4594 1344 4649 concludi
1351 4599 1407 4661 pot-

340 4690 377 4735 est
399 4698 455 4736 eum
476 4687 554 4736 uitam
576 4685 692 4737 Marcelli
713 4687 784 4752 prius
807 4687 973 4752 composuisse
996 4702 1071 4752 quam
1092 4688 1170 4737 ultam
1187 4684 1265 4741 Fabi
