3417 5567
750 638 970 703 ..33-

325 852 439 917 nauem
459 850 613 917 macore
627 849 736 917 ordine
749 856 910 919 insubrum·
920 855 1007 949 actos
1022 868 1091 913 esse
1106 847 1206 933 (Vns
1221 848 1266 933 6).
1301 868 1396 935 quam

322 964 392 1024 tem
425 957 583 1041 copiosam
602 976 651 1022 ac
682 957 814 1023 clarum
831 955 1072 1039 descriptionem
1101 953 1224 1037 Polybii
1245 954 1301 1040 qui
1321 959 1395 1019 ante

324 1064 432 1131 ebulos
463 1062 560 1129 habet
590 1066 627 1127 ut
653 1084 833 1147 perperam*
848 1063 1071 1147 Interpretatur
1101 1060 1169 1125 fieri
1196 1075 1260 1125 non
1281 1064 1394 1142 potest

322 1171 433 1258 itaque
452 1190 585 1235 necesse
606 1175 655 1235 est
675 1174 712 1235 ut
733 1170 833 1235 alium
850 1167 1037 1235 Plutarchus
1058 1166 1204 1232 hebuerit
1225 1172 1395 1244 auctorem,

325 1277 381 1364 qui
406 1282 593 1361 apperatmn
619 1276 761 1342 Marcelli
788 1281 844 1341 eut
870 1276 947 1341 item
974 1295 1012 1340 ac
1037 1272 1224 1339 Plutarchus
1244 1278 1302 1339 aut
1322 1273 1396 1338 stri-

325 1381 400 1446 ctim
431 1402 469 1447 ec
488 1382 602 1447 *minus
631 1382 714 1447 clere
744 1381 952 1465 descripserit,
983 1385 1020 1445 ut
1040 1379 1129 1445 illum
1148 1398 1252 1445 errore
1272 1380 1396 1462 lapsum
1522 1370 1529 1375 ’

325 1507 395 1551 esse
424 1488 529 1571 putari
561 1488 669 1571 possit.
723 1487 844 1553 cecedit
874 1486 960 1575 quod
995 1486 1076 1551 alter
1106 1506 1204 1551 naues
1229 1506 1295 1550 una
1324 1506 1396 1550 oum

325 1592 472 1659 machina
507 1592 564 1661 illa
608 1592 774 1659 sambucae
810 1594 948 1677 speciem
987 1591 1166 1677 praebuisse
1197 1592 1278 1683 (Pol
1309 1591 1395 1669 VIII,

326 1700 380 1785 6),
402 1700 483 1765 alter
504 1699 605 1785 ipsam
637 1700 813 1767 machinam
838 1699 1006 1765 sambucae
1038 1699 1171 1764 similem
1191 1698 1287 1764 fiisse
1319 1698 1395 1763 dicit

203 1896 206 1901 Ι
326 1805 422 1893 (Plut.
445 1807 515 1885 XV,
543 1807 613 1893 20).
669 1814 708 1873 ac
740 1808 767 1872 si
787 1812 887 1913 recte¹
895 1805 1021 1872 Liuium
1041 1805 1163 1889 Polybii
1184 1805 1395 1870 umrationem
1529 1854 1532 1861 .

325 1912 390 1977 fere
423 1914 588 1998 integrum<
617 1914 763 1981 exhibere
800 1916 976 1992 statuimus,
1007 1914 1140 1979 fortasse
1170 1912 1332 1977 Plutarchi
1362 1919 1396 1979 et

324 2020 446 2104 Polybii
478 2020 643 2087 discrimen
674 2022 915 2089 existimandum
942 2027 1005 2099 est,
1020 2067 1023 2072 «
1039 2020 1124 2108 quod
1151 2019 1259 2084 Liurius
1295 2019 1395 2097 XXV,

322 2126 368 2191 23
391 2132 420 2210 ξ.
444 2128 464 2191 3
499 2126 575 2193 dicit
602 2134 736 2206 turrem,
758 2130 848 2193 iuxta
875 2150 970 2216 quam
993 2126 1127 2192 Romam
1146 2143 1271 2221 murum
1291 2131 1394 2192 trans·

324 2234 525 2313 scendsbant‚
555 2237 706 2301 intentius
735 2235 924 2301 custoditam
957 2254 1034 2312 esse,
1067 2232 1256 2299 Plutarchus
1289 2238 1395 2299 eutem

323 2338 441 2417 XVIII,
468 2342 511 2406 13
538 2347 657 2407 turem
685 2341 816 2413 eandem
836 2340 993 2425 praesidio
1016 2340 1176 2407 defensam
1197 2360 1267 2406 esse
1286 2340 1394 2406 tradit

324 2446 431 2533 itaque
459 2446 486 2510 si
513 2466 571 2513 nec
597 2447 707 2513 liturus
734 2468 792 2513 nec
819 2446 966 2531 Polybius
987 2446 1058 2513 fons
1078 2447 1139 2512 fnit
1159 2447 1330 2525 Plutarchi,
1351 2448 1394 2513 si·

324 2550 535 2619 militudinum
564 2574 644 2641 quae
667 2554 730 2618 alie
747 2574 819 2619 esse
846 2558 953 2637 potest
978 2573 1075 2617 causa
1096 2573 1193 2639 quam
1214 2552 1298 2617 idem
1319 2559 1354 2618 st
1370 2575 1395 2619 s

324 2657 454 2741 Polybio
482 2664 518 2723 et
550 2680 570 2723 a
603 2658 771 2725 Plutarcho
802 2663 970 2745 usmpetus
1000 2663 1120 2746 auctor,
1147 2678 1241 2746 quem
1261 2658 1395 2724 Fabium

324 2764 480 2831 Pictorem
508 2785 575 2830 esse
604 2785 699 2848 supra
726 2762 936 2852 probauimus.
966 2799 1010 2812 --
1038 2769 1096 2829 aut
1115 2765 1213 2849 ipsius
1233 2764 1395 2829 Plutarchi

325 2868 487 2937 docttiuae
502 2875 560 2936 out
579 2870 650 2935 aliis
673 2869 811 2937 fontibus
834 2868 1022 2952 assiguando
1042 2875 1117 2935 sunt
1137 2890 1219 2957 quse
1241 2869 1281 2934 de
1302 2870 1394 2936 disci·

324 2976 411 3060 pliue
436 2976 625 3043 ‚mechanica
657 2982 690 3042 et
709 2976 918 3061 'praestantia
950 2977 1153 3059 geometriae,
1185 2976 1226 3047 de
1257 2976 1395 3043 moribus

324 3082 495 3171 diuiuoque
524 3084 647 3167 ingenio
680 3083 875 3149 Archimedis
907 3082 1080 3167 disputarit
1113 3082 1212 3170 (XIV,
1246 3082 1394 3159 21-603

324 3189 430 3267 XVII,
443 3238 444 3243 η
459 3190 614 3275 16-47).
659 3210 678 3254 e
704 3190 801 3255 uariis
824 3188 1003 3256 electoribus
1025 3188 1274 3253 namatiuncules
1295 3188 1393 3254 inter·

324 3296 399 3363 fecti
412 3316 441 3361 a
462 3296 562 3361 milite
583 3294 724 3363 Romano
745 3294 952 3361 Archimedis·
964 3294 1155 3377 congessisse
1176 3292 1310 3359 indetur.
1343 3299 1393 3359 at-

321 3410 387 3490 quie
407 3403 540 3487 primum
561 3423 670 3469 eanum
683 3402 781 3469 Fabio
796 3402 913 3469 Pistori
930 3401 1037 3469 deberi
1057 3401 1240 3467 uerisimile
1259 3407 1319 3479 est,
1341 3422 1394 3467 ce·

324 3516 463 3577 termam
491 3516 597 3575 autem
625 3516 768 3577 auctores
796 3509 850 3597 qui
876 3509 993 3575 fuerint
1024 3507 1169 3574 iudicem
1189 3527 1253 3574 non
1279 3511 1394 3591 potest,

324 3618 399 3705 quie
425 3616 480 3704 qui
506 3616 679 3681 accinctius
706 3614 746 3683 de
774 3620 877 3681 morte
902 3613 1097 3681 Archimedis
1124 3618 1254 3697 egerunt
1275 3612 1393 3699 (Valor.

322 3725 408 3791 Maxi
431 3724 570 3801 Vnst
594 3727 656 3789 ext
681 3724 716 3800 It
743 3724 855 3790 Zonar.
876 3722 932 3800 IX,
950 3721 994 3798 53
1021 3722 1062 3789 ct'.
1084 3721 1186 3787 Treta
1207 3719 1316 3802 fragrn
1339 3741 1392 3786 su-

324 3851 383 3915 pra
403 3829 580 3914 laudatum)
602 3830 784 3895 summulis
804 3829 992 3913 conspirent.
1044 3850 1128 3916 quae
1150 3830 1234 3915 (cap.
1256 3826 1331 3912 XX)
1353 3826 1393 3895 de

324 3936 415 4003 Nicia
437 3942 636 4020 exponuntur
656 3956 674 4001 e
694 3934 862 4002 Posidonio
882 3956 953 4002 esse
964 3940 1099 4019 sumpte
1119 3935 1187 4019 ipso
1207 3932 1394 4003 Plutarchus

323 4042 481 4128 professus
498 4046 560 4109 est.
675 4078 677 4083 ·
796 4072 799 4079 .

364 4198 365 4205 κ
415 4148 475 4219 *Ut
498 4150 686 4215 antestitem
706 4148 741 4214 in
763 4149 800 4215 iis
823 4170 905 4237 quae
923 4154 1072 4214 saeuum
1092 4145 1246 4231 capitibus
1267 4147 1394 4215 imme

325 4248 451 4319 uersum
479 4242 634 4321 consentit
654 4255 843 4324 Plutarchus
863 4277 935 4321 cum
952 4254 1064 4332 minio,
1085 4254 1140 4341 qui
1162 4252 1247 4319 ‘soltus
1268 4252 1395 4321 easdam

324 4377 374 4425 res
395 4359 491 4443 paulo
513 4360 646 4444 amplius
668 4360 822 4429 narrauit
847 4359 1050 4425 listoellnm
1071 4359 1263 4425 ornamentis
1285 4364 1394 4444 cepta·

324 4463 637 4553 rum-Syracusarum
655 4465 880 4555 ³prdcherrimis
906 4465 1039 4531 Romam
1062 4463 1234 4550 deportatis
1260 4466 1396 4549 primum

324 4570 482 4637 Romanos
507 4572 701 4642 ,Graecarum
722 4572 837 4639 ertirnn
859 4593 956 4657 opere
975 4571 1083 4637 mirari
1105 4570 1257 4648 dmunse,
1278 4571 1395 4643 mulo

325 4698 404 4751 rrum
417 4684 523 4744 autem
544 4679 695 4746 inuidiam
708 4679 769 4746 sibi
784 4678 986 4757 contraxisse,
1007 4684 1169 4766 cuiquam
1188 4676 1305 4746 cutm
1326 4679 1395 4747 oui·
