3417 5567
432 1572 650 1688 Immotum
669 1561 711 1684 m
732 1619 1001 1689 uum-uuum
1022 1664 1025 1671 »
1045 1621 1395 1692 acumicorum

324 1727 357 1795 iu
379 1725 590 1793 describendis
612 1726 686 1793 uitis
708 1745 816 1815 eorum
837 1728 985 1805 uimum,
1008 1726 1149 1811 quinon
1169 1727 1263 1797 modu
1282 1726 1394 1797 Mem
1498 1732 1500 1742 ’

323 1833 516 1918 temporibus
545 1833 692 1906 luxerunt
723 1831 779 1900 sed
805 1834 902 1901 etiam
921 1833 1034 1902 iisdem
1055 1833 1147 1903 bellis
1177 1833 1394 1912 interfuerunt,
1488 1830 1490 1833 ’

322 1942 378 2024 qui
391 1961 449 2024 per
460 1938 687 2008 multosaunou
709 1943 767 2006 aut
787 1939 898 2006 ecdem
920 1944 1138 2023 tempore-om
1156 1930 1287 2008 ¹alternis
1302 1962 1393 2009 sum-

322 2058 409 2113 mum
435 2044 600 2130 imperium
626 2043 819 2129 reipublicae
850 2046 995 2125 maximis
1014 2046 1169 2130 periculis
1199 2058 1326 2129 pressae
1358 2067 1396 2116 ac

321 2152 515 2242 grmmmmis
544 2151 689 2222 cladium
708 2163 883 2219 conmissae
909 2150 1183 2220 edmimstrabunt'
1200 2156 1236 2219 et
1264 2172 1396 2235 quorum

322 2260 454 2328 coculis
475 2279 515 2324 ac
533 2258 619 2324 facta
640 2257 673 2322 in
695 2255 894 2351 reprimendo
902 2256 1323 2342 'Hannibale‘nouuunquam
1343 2277 1395 2323 ar-

324 2366 444 2444 tissime
474 2365 557 2433 inter
588 2384 623 2431 se
656 2363 875 2440 comcmbmt,
907 2362 1018 2431 iisdem
1034 2361 1186 2431 ,rombus
1213 2384 1307 2432 usum
1327 2382 1394 2431 esse

212 2526 225 2539 ,
324 2472 476 2555 suspicari
503 2470 668 2554 possimus·
694 2469 783 2537 nulla
808 2468 930 2536 ratione
957 2468 1072 2539 habita
1094 2475 1256 2540 auctomm
1278 2490 1299 2535 a
1319 2469 1395 2538 Plu-

324 2576 435 2645 tarcho
468 2575 666 2644 laudatorum
689 2574 831 2645 eandem
860 2595 956 2658 quam
989 2580 1086 2645 muca
1112 2575 1394 2659 institimuuurgu·

323 2681 486 2750 mentscdi
525 2682 611 2748 uiam
645 2698 879 2768 persequamur.
933 2693 1037 2765 ueque
1075 2701 1168 2749 uem¹
1183 2686 1273 2750 tanta
1305 2680 1394 2753 uotis

239 2838 244 2847 .
323 2787 466 2856 subsidia
489 2792 620 2871 praesto·
643 2792 868 2870 umtxquauta
895 2785 1287 2871 supressuppeditabsut·
1321 2808 1395 2859 narn

323 2916 399 2961 cum
417 2892 539 2978 Polybii
561 2892 700 2963 historia
714 2893 822 2976 paucis
838 2892 975 2977 exceptis
998 2892 1179 2976 fragmentis
1200 2914 1267 2962 non'
1286 2913 1394 2978 super

323 3006 389 3067 stes
417 2998 468 3077 sit,
496 2998 659 3083 Appianus
686 3004 721 3064 et
751 2999 888 3068 zonaras
911 2998 1066 3069 derebus
1088 3021 1109 3064 u
1130 3000 1279 3070 Marcello
1298 3002 1394 3086 gestis

322 3112 416 3173 tauta
442 3106 598 3174 breuitate
615 3106 753 3189 egerint,
781 3111 818 3173 ut
847 3106 918 3174 iere
934 3106 1038 3175 nullus
1061 3106 1179 3175 fructus
1202 3126 1242 3174 ex
1262 3107 1393 3203 iisper-
1503 3173 1504 3182 ,

322 3214 386 3297 cipi
405 3213 516 3297 possit,
540 3225 638 3296 prope
660 3213 744 3281 solus
766 3213 875 3282 Liuius
891 3218 1004 3285 restat,
1020 3262 1034 3270 a·
1052 3226 1094 3279 ac
1113 3235 1153 3280 ne
1175 3235 1246 3284 cum
1267 3215 1394 3300 quidem

322 3320 439 3403 ubique
470 3340 651 3403 comparare
680 3320 765 3398 licet,
789 3321 873 3404 >quia
902 3319 982 3388 liber
1008 3320 1171 3391 uicesimus
1194 3343 1256 3406 quc
1269 3321 1394 3390 *bellum

322 3431 433 3495 eunica
459 3426 606 3495 Insubres
632 3431 755 3509 gestum
784 3426 1104 3511 comprehendebam
1125 3448 1189 3496 uun
1211 3429 1284 3499 tulit
1306 3435 1392 3496 aeta-

321 3540 395 3600 tem.
440 3554 522 3617 quae
549 3554 621 3602 cum
647 3534 696 3599 ita
716 3535 781 3600 sint
801 3555 993 3618 quamquam
1014 3535 1115 3602 minus
1138 3540 1223 3602 certe
1244 3556 1341 3619 quam
1360 3536 1393 3602 iu

321 3642 390 3709 uita
416 3640 507 3707 Fabii
534 3639 665 3711 Maximi
691 3640 732 3708 de
759 3640 920 3707 Plutarchi
947 3640 1084 3708 fontibus
1113 3642 1211 3710 mnici
1243 3663 1333 3726 posse
1360 3643 1393 3709 iu

322 3753 432 3833 aperto
461 3753 526 3826 est,
559 3752 668 3816 umen
695 3770 759 3814 non
785 3748 908 3816 irritam
926 3748 1204 3833 vcomparutionem
1231 3754 1393 3817 acumem

321 3856 378 3939 qui
399 3859 565 3938 supersunt
586 3854 901 3923 lore-existimamus.
1286 3874 1290 3895 ⁶

426 3960 598 4044 Postquam
630 3959 816 4026 Plutarchus
847 3962 881 4026 in
911 3961 1019 4045 primis
1053 3959 1208 4045 capitibus
1241 3958 1321 4024 dixit
1353 3960 1392 4025 de

322 4086 433 4151 genere
463 4072 496 4131 et
528 4066 665 4132 moribus
696 4066 845 4144 Marcelli,
879 4087 946 4151 cap.
980 4066 1152 4132 III-·VIII
1177 4066 1294 4147 bellum
1322 4088 1393 4132 cum

322 4173 423 4242 Gallie
444 4173 485 4240 ab
508 4193 591 4241 anuo
617 4171 683 4239 225
704 4192 805 4256 usque
826 4171 868 4240 ad
889 4192 1007 4242 annum
1028 4172 1096 4243 222
1116 4177 1236 4256 gestum
1258 4178 1391 4250 enarrat.

321 4278 362 4343 de
383 4277 493 4345 ecdem
514 4277 597 4344 bello
620 4282 717 4361 agimt
738 4277 886 4363 Polybius
907 4277 949 4356 ΙΙ,
971 4277 1119 4354 aar-*343
1137 4277 1285 4343 Zonaras
1307 4277 1392 4356 VIII,

321 4384 373 4450 20.
419 4382 504 4468 quod
524 4383 607 4448 Liuii
629 4384 703 4450 belli
730 4383 869 4448 namatio
891 4383 1010 4461 interiit
1030 4382 1124 4447 ualde
1147 4388 1194 4447 est
1215 4381 1391 4449 dolendum.

321 4510 417 4573 quam
442 4488 588 4555 lacunam
616 4489 724 4574 aliqua
752 4510 791 4555 ex
818 4493 910 4574 parte
937 4484 1064 4574 cxpl'eut
1086 4487 1257 4573 Eutropius
1278 4489 1335 4566 HI,
1358 4488 1390 4565 5,

322 4596 341 4664 6
366 4602 398 4661 et
420 4594 549 4661 Orosius
571 4595 627 4674 IV,
643 4595 695 4674 13,
719 4617 797 4679 quos
818 4595 981 4662 historiam
1003 4594 1086 4675 Liuii
1108 4594 1297 4679 excerpsisse
1319 4615 1391 4658 cum

320 4701 375 4767 ubi
401 4703 503 4785 ipsum
532 4700 657 4770 Liuium
685 4721 870 4785 comparare
894 4701 967 4767 licet
995 4699 1173 4767 certissimis
1202 4700 1391 4784 argumentis
