3417 5567
759 660 976 727 ...ss-

302 874 304 879 '
333 871 578 937 demonstratum
606 871 647 936 sit
668 871 728 937 hcc
754 872 823 937 loco
847 872 964 956 optimo
986 873 1055 937 iure
1077 873 1236 952 conicitur,
1259 896 1400 961 praeser-

333 980 391 1043 tim
414 998 484 1042 cum
501 1000 662 1061 nunquam
682 979 764 1043 inter
787 1000 819 1044 se
842 978 1036 1058 dissentiant,
1060 980 1100 1046 ab
1122 980 1275 1066 Eutropio
1297 989 1402 1050 autem

333 1085 469 1171 pendere
502 1083 646 1150 Orosium
678 1086 731 1169 qui
764 1087 864 1152 multo
898 1087 996 1152 husius
1029 1108 1079 1153 res
1110 1089 1289 1172 exposuerit
1319 1089 1402 1154 credi

334 1212 397 1257 non
424 1190 532 1276 possit.
583 1196 678 1274 atque
705 1213 768 1257 non
797 1192 897 1257 solum
920 1212 1001 1276 quae
1025 1193 1166 1259 nanauit
1188 1193 1295 1259 liuius
1318 1216 1401 1260 sum-

333 1298 443 1365 matim
475 1296 622 1375 reserauit,
657 1296 713 1361 sed
746 1299 840 1362 etiam
868 1298 951 1363 unde
980 1298 1119 1364 hauserit
1140 1320 1179 1365 ea
1200 1301 1314 1366 docent
1335 1324 1401 1367 nos.

335 1403 375 1471 de
396 1404 514 1488 ingenti
536 1402 618 1467 enim
644 1402 720 1467 belli
743 1409 898 1487 apparatu
919 1404 1104 1470 disserentes
1127 1405 1265 1471 adiciunt
1287 1407 1402 1472 Eutro-

332 1513 418 1597 pius:
447 1508 679 1591 „traditumque
707 1514 756 1574 est
778 1530 798 1574 a
819 1509 917 1575 Fabio
938 1510 1091 1576 historioo'
1109 1512 1163 1595 qui
1197 1512 1226 1576 ei
1248 1513 1330 1579 bello
1352 1514 1401 1578 in·

334 1610 764 1694 teriuit‚‘.‘=0r0sius:·„sieut
784 1616 904 1681 Fabius
920 1613 1087 1682 historicus
1108 1618 1164 1701 qui
1194 1618 1296 1684 eidem
1317 1619 1401 1686 bello

333 1722 476 1789 interfuit
489 1720 492 1745 ³
503 1722 656 1805 scripsit“
668 1744 683 1777 ετ
700 1744 773 1811 που,
791 1726 897 1787 autem
915 1723 1018 1807 ipsius
1038 1722 1128 1789 Fabii
1150 1721 1281 1791 Pictoris
1302 1746 1402 1792 anna·

332 1831 378 1895 les
406 1850 459 1895 ecs
488 1824 668 1912 inspexissej
696 1828 752 1893 sed
777 1830 981 1894 nomeneius
1002 1850 1020 1893 e
1042 1830 1134 1896 Liuio
1152 1832 1401 1917 hanmmipsisse

335 1957 427 2002 nemo
448 1934 694 2018 nonintellegit.
745 1936 809 2000 iarn
831 1956 907 2001 uero
928 1951 1000 2000 eum
1020 1935 1160 2002 Zonarae
1181 1936 1308 2004 uberior
1328 1924 1402 2005 belli

335 2040 672 2126 descriptiomoncinat
696 2046 729 2105 et
768 2047 919 2123 congruat
949 2062 1023 2106 cum
1042 2040 1194 2127 Euhupio
1220 2050 1255 2109 et
1282 2044 1401 2123 Oresio,

334 2149 390 2214 uix
411 2146 548 2213 dubitari
564 2142 670 2229 potest
687 2146 764 2230 quin
781 2146 861 2212 tuem
883 2147 944 2211 Dio
966 2146 1101 2226 Gmsiua,
1124 2170 1218 2233 quem
1240 2152 1403 2235 exscripsit

334 2257 481 2331 Zonaras,
504 2258 600 2337 atque
620 2254 729 2318 Liuius
751 2250 883 2318 Fabium
897 2250 1053 2338 Pictorem
1068 2260 1227 2321 auctorem
1248 2256 1401 2323 habuerit.

335 2362 376 2427 ab
403 2360 463 2425 hae
487 2378 573 2424 uero·
591 2356 736 2425 Fabiana
761 2360 940 2454 narratione
967 2371 1158 2448 quamquam
1183 2382 1278 2451 saepe
1303 2364 1405 2452 plnri7

334 2487 421 2533 mum
432 2466 529 2531 distat
540 2466 695 2551 Polybius,
707 2462 739 2552 ³¹¹)
752 2473 867 2532 ¹tamen
876 2466 1013 2532 ¹Fabium
1027 2467 1186 2533 Pictorem·
1204 2469 1256 2533 ab·
1268 2490 1305 2534 eo
1327 2490 1402 2535 oon·

335 2574 737 2639 sulmmvesee'oumaliis
760 2590 840 2661 quae
863 2574 1044 2661 conspirant
1064 2592 1137 2638 eum
1160 2575 1271 2640 ceteris
1292 2583 1402 2641 ouem-

265 2766 270 2783 ,
335 2681 420 2747 snus
453 2684 521 2744 um
537 2709 539 2722 ·
553 2679 607 2765 (n,
640 2679 698 2765 aa)
729 2679 964 2746 uetant-raa
992 2663 1034 2771 ἦν
1063 2679 1116 2748 aa
1146 2678 1335 2765 coapata
1365 2680 1402 2749 a

336 2778 598 2872 conflatmrotr'
619 2783 657 2854 ἐν
680 2784 766 2873 αὐτῷ
787 2789 829 2875 τῷ
851 2787 951 2873 καιρῷ
972 2784 1219 2871 rite-'nupcias
1240 2788 1406 2871 significari

334 2893 467 2959 addetur.
496 2926 540 2943 ψ
568 2890 616 2956 his
643 2892 819 2980 explanatis
848 2891 926 2979 quid·
951 2892 991 2956 de
1017 2891 1184 2958 Plutarcho
1207 2893 1407 2960 iudicandum

336 3001 377 3065 sit
397 2999 568 3065 uideamus.
613 3018 651 3064 ac
673 2990 837 3083 Polybium
852 2998 978 3086 quidem
998 2999 1115 3063 lbntem
1138 3000 1204 3065 eius
1226 3022 1289 3067 non
1310 3002 1406 3067 fiisse

335 3109 368 3172 in
390 3112 500 3195 aperto
519 3112 585 3184 est,
615 3107 689 3195 qnia
715 3108 816 3171 multa
836 3106 904 3171 inse
926 3111 1036 3171 nanat
1056 3105 1250 3184 Plutarchus,
1273 3128 1407 3195 quorum

335 3214 455 3279 nullum
469 3212 554 3300 apud
567 3212 730 3296 Polybium
745 3218 794 3277 eet
807 3211 987 3294 uestigium,
1009 3216 1042 3275 et
1063 3211 1102 3276 de
1117 3212 1296 3279 Mediolano
1311 3218 1405 3301 capto

336 3341 436 3404 aeque
451 3325 545 3407 atque
560 3318 655 3383 oeten
670 3324 813 3384 auctores
825 3318 969 3383 dissentit
985 3318 1028 3382 ab
1043 3338 1088 3382 ec.
1122 3318 1279 3383 simillima
1300 3325 1406 3385 autem

336 3431 409 3492 sunt
431 3444 511 3513 quae
531 3422 715 3489 Plutarchus
737 3422 878 3511 prodidit
897 3424 928 3487 ei
949 3423 1034 3488 belli'
1046 3423 1256 3511 descriptioni,
1279 3446 1405 3508 quame

336 3533 436 3599 tribus
451 3532 512 3599 illis
526 3531 707 3596 auctoribus
722 3552 829 3595 eruere
851 3552 890 3595 ac
912 3528 1086 3596 Fabianam
1107 3531 1210 3597 dicere
1232 3551 1403 3619 possumus.

336 3662 410 3705 nam
431 3634 549 3705 mirum
565 3644 717 3725 quantum
739 3637 896 3703 consentit
916 3634 958 3701 de
978 3637 1187 3703 Gaesatorum
1209 3638 1333 3703 nomine
1355 3638 1404 3703 in·

335 3745 539 3835 terpretando
560 3764 629 3808 cum
652 3743 771 3822 Oresio,
794 3742 834 3809 de
855 3744 974 3826 ingenti
995 3744 1229 3831 perturbatione
1251 3748 1284 3809 et
1304 3764 1404 3832 appa-

337 3858 408 3917 ratu
429 3851 640 3916 Romanorum
662 3872 733 3917 eum
755 3850 907 3927 omnibus,
928 3851 969 3915 de
989 3848 1081 3915 Gallo
1104 3856 1136 3915 et
1158 3850 1261 3930 Galla,
1283 3850 1404 3916 Graeco

337 4082 548 4095 a-o——u--ufl

348 4184 352 4190 “
442 4188 466 4252 ⁹)
485 4188 539 4239 Non
563 4183 689 4241 conciliari
716 4191 818 4253 possunt
840 4202 895 4238 eum
917 4186 1005 4240 cenna
1028 4186 1171 4238 auctoribus
1193 4204 1259 4255 qnae
1281 4188 1405 4257 Polybius

338 4276 369 4328 de
386 4278 473 4343 primis
489 4276 589 4343 proeliis
605 4278 634 4329 ln·
654 4276 761 4329 Aemilio
777 4276 850 4341 Pipo
868 4274 897 4328 G.
915 4275 992 4328 Atilio
1007 4275 1107 4341 Beguh
1125 4290 1187 4328 cosa.
1207 4278 1341 4329 commissu
1358 4294 1403 4330 ex·

336 4366 426 4433 posuit,
443 4369 495 4417 tum
513 4380 561 4417 non
579 4366 687 4417 meando
710 4365 754 4415 sed
777 4367 847 4417 tertio
866 4363 926 4415 belli
943 4380 1008 4416 armo
1025 4364 1150 4415 Romanoa
1166 4368 1235 4415 trena
1251 4364 1350 4420 Padum
1367 4366 1404 4417 le-

338 4456 423 4521 giones
436 4454 546 4507 duxisse
568 4454 648 4507 tradit.
690 4451 722 4503 ab
745 4444 795 4505 solo
819 4453 927 4519 denique
951 4450 1066 4518 Scipione
1084 4450 1186 4503 absente
1205 4453 1327 4505 Marcello
1345 4456 1404 4506 Me-

337 4532 461 4595 diolanum
482 4526 651 4611 expugnatum
675 4557 728 4593 csse
745 4539 813 4593 haud
831 4544 882 4592 scio
898 4529 933 4592 an
952 4538 1109 4607 Scipionibus
1126 4540 1241 4594 lauturus
1259 4547 1403 4598 narrauerit.

338 4637 465 4697 praeterea
477 4635 536 4699 quia
548 4632 579 4682 de
592 4631 666 4683 rebus
677 4628 776 4681 Gallicis
795 4624 983 4698 κεφαλαιωδῶς
1007 4628 1052 4694 (Il,
1071 4630 1116 4693 14)
1143 4630 1310 4682 tantummodo
1328 4645 1404 4697 agere

339 4718 387 4770 sibi
405 4723 564 4785 proposuerat
582 4718 657 4770 niulta
675 4720 818 4783 perstrinxit
836 4723 879 4768 ant
900 4718 985 4769 omisit.
