3417 5567
741 615 961 681 „23-

320 824 415 899 fidem
437 826 562 894 addam
575 832 608 894 et
634 844 736 916 aeque
757 834 853 916 atque
866 775 971 893 ιιιιιιι
987 825 1189 892 Plutarchum
1210 830 1243 889 et
1264 823 1389 891 liuimu

319 953 337 998 ι
358 932 458 1001 Fabio
478 934 603 1001 Pictore
623 936 773 1015 hausisse,
794 935 959 1021 Polybium
978 954 1054 999 uero
1075 935 1109 998 in
1129 934 1190 998 hac
1210 952 1328 1082 pugna
1331 932 1387 997 de-

319 1038 492 1109 scribenda
506 1042 629 1125 lougius
651 1043 691 1108 ab
714 1064 751 1108 so
773 1043 946 1115 recessisse

335 1209 339 1217 ·
424 1181 553 1262 Quae
543 1206 577 1249 m
607 1182 756 1273 proximis
771 1178 946 1275 capitibus
974 1180 1162 1248 Plutarchus
1191 1182 1320 1269 exponit
1348 1178 1387 1245 de

317 1290 549 1377 perturbatione
571 1290 689 1357 Romae
711 1296 781 1357 orta
807 1292 904 1356 allato
936 1312 1000 1355 nun
1000 1291 1044 1354 tio
1000 1287 1237 1354 tCannensis
1260 1289 1386 1353 calami-

318 1397 393 1461 tatis
432 1404 464 1461 et
503 1395 542 1462 de
570 1392 815 1476 emolumentis,
835 1416 915 1485 quae
941 1394 1099 1460 Hannibal
1127 1415 1145 1459 e
1173 1396 1304 1460 uictoria
1331 1397 1387 1461 illa

317 1502 500 1591 perceperit,
529 1523 587 1568 neo
616 1502 794 1592 discrepant
815 1525 836 1567 a
857 1499 948 1568 Liuio
972 1522 1031 1566 nec
1052 1490 1220 1585 singularia
1242 1502 1386 1566 similitu-

226 1643 230 1655 ·
319 1604 399 1673 dinis
426 1607 542 1675 indicia
568 1608 736 1698 praebent,
772 1631 788 1673 e
824 1607 937 1701 quibus
970 1607 1110 1672 hausisse
1138 1606 1212 1671 Plut
1213 1607 1386 1674 archume

318 1713 410 1780 Liuio
438 1714 683 1781 concludendum
712 1716 762 1781 sit
813 1718 921 1804 itaque
944 1715 1076 1781 eandem
1098 1737 1192 1802 quam
1214 1720 1308 1780 antea
1330 1714 1387 1782 ob-

319 1820 511 1887 seruauimus
543 1823 697 1888 rationem
728 1824 810 1888 inter
840 1843 893 1888 eos
920 1820 1125 1895 intercedere
1140 1817 1300 1915 probabile
1329 1828 1386 1887 est.

318 1923 444 1993 Liuium
472 1934 578 1994 autem
604 1928 737 1995 Fabium
765 1928 920 1995 Pictorem
948 1936 1107 1994 auctorem
1128 1926 1273 1995 habuisse
1300 1929 1386 1994 haud

319 2034 383 2099 scio
413 2054 454 2099 an
484 2036 582 2100 conici
604 2037 711 2124 possit
725 2056 765 2100 ex
787 2057 834 2114 eo,
858 2035 942 2123 quod
963 2041 1030 2099 tam
1051 2039 1195 2099 accurate
1216 2035 1324 2101 Liuius
1346 2036 1385 2101 de

318 2137 417 2205 Fabio
439 2139 562 2206 Pictore
583 2141 686 2229 legato
708 2140 846 2229 Delphos
869 2142 963 2205 misso
984 2148 1016 2206 et
1030 2140 1070 2205 de
1083 2162 1232 2231 responso
1253 2125 1386 2208 Romam

319 2247 360 2313 ab
383 2268 420 2312 eo
442 2247 541 2313 relato
564 2249 630 2332 agit
651 2246 766 2336 (XXII,
790 2247 844 2325 573
866 2246 983 2327 XXIII,
1007 2248 1073 2332 ll).
1103 2247 1232 2331 insignis
1246 2248 1386 2314 Marcelli

319 2358 352 2419 et
373 2352 464 2419 Fabii
486 2344 615 2418 Maximi
638 2354 829 2442 comparatio
841 2353 873 2439 ⁸⁸)
902 2372 941 2417 ex
962 2354 1059 2441 ipsius
1082 2352 1241 2418 Plutarchi
1262 2356 1386 2440 ingenio

318 2460 467 2526 manauit.
509 2460 760 2525 narratiunculas
788 2479 864 2525 uero
892 2460 1004 2548 quibus
1030 2459 1122 2524 Fabii
1148 2460 1325 2525 humanitas
1346 2461 1386 2526 il-

319 2549 471 2632 lustratur
503 2568 585 2654 (cap.
608 2556 785 2655 rexistis
818 2566 997 2633 auctoribus
1026 2587 1059 2630 se
1081 2565 1194 2631 debere
1216 2568 1282 2651 ipse
1303 2566 1385 2634 indi-

319 2692 390 2739 care
405 2673 530 2739 uidetur
544 2672 663 2739 uerbis:
686 2663 807 2757 λέγειάι
828 2672 883 2755 θὲς
905 2670 1076 2757 ταῦταμὲν
1098 2655 1155 2740 oio
1176 2675 1248 2762 περὶ
1270 2673 1386 2743 τούτων

321 2780 487 2868 ἱστοροῦσι.
531 2800 632 2863 neque
653 2778 762 2845 Liuius
785 2780 882 2844 ullam
906 2800 1013 2844 earum
1035 2778 1224 2845 mentionem
1245 2780 1328 2877 fecit.

366 2998 368 3007 .
424 2909 523 2990 Paulo
550 2924 672 3010 lougius
702 2927 912 2989 commoratur
938 2922 971 2985 in
998 2919 1201 3005 describenda
1228 2941 1387 3006 expugna

320 3030 405 3095 tione
428 3029 554 3095 Tarenti
577 3029 842 3117 (XXI-XXIH).
887 3049 924 3093 ao
946 3027 1050 3112 plmes
1066 3048 1145 3108 eum,
1158 3026 1218 3093 hoo
1239 3027 1308 3093 loco
1330 3050 1387 3116 au·

320 3142 421 3225 atores
445 3137 633 3230 cousulrdsse
654 3140 743 3220 petet
764 3156 805 3201 ex
827 3155 881 3212 eo,
910 3132 995 3217 quod
1017 3132 1172 3216 duplicem
1193 3133 1232 3197 de
1259 3135 1387 3222 muliere

321 3264 402 3326 quae
428 3242 530 3307 Brutt'
493 3248 586 3315 ιιιιιιιι
614 3220 776 3330 quendam
803 3240 845 3335 ad
873 3239 1067 3333 prodendam
1089 3239 1198 3320 urbem
1189 3213 1388 3343 perlexisse

322 3338 435 3414 dicitur
431 3350 579 3430 famam
606 3348 712 3433 prodit
733 3327 853 3473 ‚blm
869 3348 929 3415 23:
958 3348 1055 3417 ταῦτα
1081 3343 1149 3430 μὲν
1165 3328 1223 3414 odo
1245 3350 1277 3413 οἱ
1300 3349 1398 3416 otri.

225 3499 231 3508 ‹
322 3473 389 3522 ocor
410 3452 567 3542 γράφουσι
589 3454 662 3540 περὶ
684 3451 811 3524 τούτων
835 3451 915 3521 ἔνιοι
937 3449 973 3520 δὲ
993 3479 1020 3517 κ.
1044 3474 1068 3517 ι
1092 3453 1147 3532 λ..)
1168 3451 1225 3516 sed
1246 3452 1290 3517 ad
1309 3476 1389 3539 quos

321 3568 463 3629 auctores
490 3562 725 3646 prouooauerit
736 3560 892 3645 explorari
918 3580 982 3624 non
1007 3563 1128 3643 potest,
1158 3557 1232 3643 quia
1252 3558 1388 3647 ,Polybio

321 3691 384 3735 non
407 3668 573 3753 superstite
595 3668 738 3752 Appiano
760 3666 877 3754 (Hann.
893 3666 950 3751 49)
973 3671 1006 3729 et
1026 3665 1149 3747 Zonara
1171 3664 1240 3751 (IX,
1263 3664 1300 3751 5)
1321 3687 1389 3731 rem

321 3776 420 3860 magis
453 3773 677 3861 attingentibus
712 3795 807 3858 quam
841 3771 1067 3887 explicantibus
1099 3793 1170 3836 cum
1203 3770 1278 3846 solo
1298 3771 1389 3846 Liuio

427 4128 451 4196 *l
474 4128 637 4183 Plutarchum
659 4143 714 4194 cap.
737 4127 803 4181 XIX
820 4143 869 4184 uon
890 4127 970 4193 magis
987 4124 1085 4179 uerbis:
1107 4123 1197 4200 ὥσπερ
1214 4127 1244 4179 ἐν
1260 4130 1314 4182 τοῖς
1327 4128 1391 4199 περὶ

324 4215 405 4273 αὐτοῦ
427 4220 628 4292 γεγραμμένοις
649 4220 748 4290 ripum
768 4231 845 4283 quem
868 4232 923 4283 oup.
945 4215 1024 4268 XXII
1045 4213 1143 4266 uerbis:
1166 4211 1201 4271 ὥς
1216 4217 1246 4268 ἐν
1263 4220 1315 4271 uois
1328 4215 1390 4285 περὶ

323 4309 424 4360 ἐκεῖνον
447 4306 597 4377 γέγραπται
614 4306 708 4371 (agitur
729 4308 834 4371 utroque
852 4304 908 4357 loco
930 4304 963 4355 de
981 4302 1115 4367 Marcello)
1132 4318 1182 4354 nou
1200 4308 1325 4357 auctorem
1341 4303 1390 4356 ali-

324 4412 398 4464 quem
420 4398 463 4463 qui
484 4392 636 4461 peculiarem
658 4394 690 4445 dc
713 4392 835 4446 Marcello
858 4392 969 4445 libellum
992 4394 1118 4458 scripserit
1139 4391 1256 4452 laudare,
1280 4392 1325 4445 sed
1346 4406 1391 4445 uos

323 4486 356 4537 ad
374 4485 450 4550 ipsius
467 4484 545 4535 uitam
563 4482 679 4535 Marcelli
699 4484 764 4549 (cap.
783 4483 808 4545 13
827 4482 880 4540 1x;
897 4482 973 4547 XXI)
992 4496 1110 4534 reuocare
1127 4483 1154 4533 iu
1172 4485 1258 4547 aperto
1276 4486 1320 4533 ιιι
1345 4479 1388 4533 sed

324 4591 357 4626 ex
375 4588 404 4625 eo
422 4572 489 4639 quod
507 4575 533 4628 in
551 4574 603 4623 uita
622 4571 693 4624 Fabii
710 4573 818 4623 MaxImi
836 4571 932 4636 relegat
949 4573 981 4623 ad
990 4573 1066 4623 uitem
1078 4568 1196 4623 Marcelli
1212 4568 1328 4621 concludi
1335 4571 1390 4634 pot-

324 4666 360 4712 est
383 4676 438 4712 eum
460 4662 537 4711 uitam
560 4660 676 4713 Marcelli
697 4662 768 4727 prius
791 4663 957 4727 composuisse
980 4676 1055 4727 quam
1076 4663 1154 4711 uitam
1171 4658 1249 4715 Fabii.
