3417 5567
750 660 969 725 ,25-

321 871 413 938 Liuio
428 878 485 937 eut
497 876 720 959 suumqueen
734 870 844 937 eodem
867 872 953 937 fonte
975 872 1124 938 hausisse.
1146 877 1251 940 utrum
1272 871 1387 957 probe-

321 980 415 1045 bilius
436 979 478 1043 sit
491 982 529 1042 ut
551 976 773 1057 disceremus,
796 978 971 1043 senuistius
993 977 1083 1043 nobis
1104 978 1322 1065 inqnureutlum
1344 986 1392 1044 est

320 1086 356 1149 in
381 1084 517 1160 linium,
545 1084 600 1167 qui
626 1083 924 1166 sinpnmrntione
951 1083 1042 1149 huus
1063 1102 1187 1169 pugnae
1208 1084 1390 1169 descriptio-

321 1212 396 1257 nem
426 1190 610 1274 oompesnit
666 1210 740 1255 nem
774 1210 846 1254 oum
882 1210 989 1255 eornm
1015 1171 1119 1255 rerum
1157 1210 1238 1275 qnoe
1262 1208 1391 1275 'pugnae

322 1301 569 1364 antecesserunt
584 1296 726 1364 unrado
759 1294 928 1361 abhorrent
957 1316 979 1361 e
1002 1294 1142 1381 Polybio,
1165 1297 1262 1380 ipsius
1282 1302 1390 1361 entem

321 1415 445 1490 pugneo
463 1402 687 1486 ¹‹inscriptionis
714 1402 801 1485 prior
825 1422 917 1485 pers,
945 1403 1017 1467 siue
1039 1408 1162 1486 speeies
1178 1402 1232 1468 ed
1252 1422 1304 1467 res
1326 1402 1391 1468 siue

321 1511 473 1578 obseruas
492 1508 634 1575 ordinem
653 1528 758 1572 rernm
779 1512 814 1573 et
832 1508 956 1591 singule
977 1508 1083 1586 nobs
1106 1508 1219 1575 mirum
1241 1514 1392 1596 qnantum

320 1618 470 1682 oonoinet
488 1636 561 1679 eum
581 1634 619 1679 eo
640 1612 725 1699 (liu
746 1613 849 1691 XXII,
876 1614 921 1678 45
943 1614 1105 1697 §.ti-'dl
1128 1619 1158 1698 ξ.
1180 1615 1218 1692 4;
1245 1614 1313 1679 Pol.
1334 1615 1390 1691 iil,

322 1721 498 1789 113-—115
525 1741 596 1804 pog.
624 1720 700 1797 293,
727 1720 775 1804 4),
802 1740 880 1804 pers
905 1719 1048 1804 durat)
1076 1720 1170 1786 modo
1199 1720 1291 1787 uelde
1319 1742 1390 1805 per-

316 1832 423 1916 plexe
442 1830 485 1894 sit
513 1834 550 1893 et·
565 1826 885 1911 discrepet-enmaiis
913 1846 994 1910 qnee
1023 1826 1121 1910 penio
1147 1832 1392 1893 enteoinorrete

319 1941 395 2002 sunt
417 1933 567 2021 (Lim-45
588 1940 618 2017 ὅ.
640 1934 766 2011 5’-10;
794 1934 836 1998 48
849 1938 882 2017 ³5.
898 1933 1000 2018 5-6)
1023 1934 1116 1999 modo
1138 1934 1266 2019 prorsus
1288 1934 1391 2000 eliens

319 2044 364 2108 sit
390 2063 411 2107 o
436 2040 567 2125 Polybio
594 2040 677 2127 (Lim
699 2040 742 2105 48
765 2045 794 2123 ξ.
818 2041 920 2117 1-4;
943 2040 1019 2125 49),
1045 2040 1173 2107 Iiuirnn
1192 2040 1298 2124 plures
1321 2062 1390 2107 eos-

320 2170 383 2237 que
416 2147 555 2213 diuersos
588 2146 691 2213 fontes
723 2145 904 2211 adhibuisse
932 2166 1058 2211 neomse
1086 2151 1135 2211 est
1149 2151 1198 2211 'ut
1224 2152 1389 2213 steinebrr.

321 2262 419 2345 etque
439 2255 563 2319 ίιιίῖίιιηι
585 2252 855 2340 quidempngnne
875 2251 1036 2336 ePolybio
1059 2270 1126 2318 esse
1148 2258 1306 2337 sumptum
1326 2274 1390 2319 non

319 2364 430 2448 pot'e'sb
446 2361 571 2444 negem
593 2364 759 2425 essentem
779 2376 861 2445 quse
877 2364 1023 2424 seruntur
1036 2358 1145 2423 Liuius
1155 2365 1285 2442 praeter
1297 2360 1390 2444 Poly·

320 2471 409 2537 bium
431 2470 531 2534 altero
551 2467 638 2532 fonte
659 2488 735 2531 usus
757 2465 884 2531 nridetur
897 2466 1074 2531 confindisse
1086 2471 1183 2553 etque
1198 2464 1390 2543 obscurasse,

320 2576 427 2641 omnis
448 2574 583 2660 deniqne
609 2591 692 2659 quoe
712 2570 882 2637 obhorrent
904 2592 925 2636 s
944 2570 1074 2657 Polybio
1095 2571 1210 2637 debere
1232 2572 1391 2638 annalium

320 2805 534 2821 Μ

428 2927 452 2993 'l'
475 2930 586 2980 Primum
609 2929 673 2979 enim
697 2929 785 2978 mirum
803 2931 840 2978 est
858 2906 933 2993 quod,
952 2940 1102 2993 quemquem
1120 2930 1194 2979 antee
1211 2928 1280 2979 teum
1298 2929 1389 2980 uerbo-

320 3035 375 3071 rum
397 3017 530 3069 similitudo
551 3016 607 3075 luit,
630 3016 663 3067 sb
684 3017 733 3067 inse
760 3015 918 3081 psmgrepho
945 3013 1014 3065 nulls
1039 3017 1198 3080 eonspioitur.
1243 3018 1390 3083 strategeme

322 3124 381 3161 uero
397 3104 547 3159 Hannibalis
561 3106 682 3172 quomodo
694 3109 858 3171 perageretur
870 3107 950 3155 enimn
965 3106 1163 3170 nonperoepisse
1177 3105 1277 3161 uidetur
1294 3108 1388 3161 Liuius

321 3213 379 3250 nern
401 3201 504 3269 poetes)
521 3194 571 3247 elie
593 3210 659 3263 queo
685 3210 735 3246 non
761 3197 819 3245 sunt
842 3192 910 3245 olere
932 3192 1023 3245 uerba:
1049 3192 1098 3253 „sd
1121 3192 1232 3245 subsidia
1255 3194 1389 3249 Abornm‘·

321 3286 383 3355 qnid
395 3284 443 3338 sibi
454 3283 534 3335 uelint
545 3282 769 3348 noninteilegitur3
786 3285 900 3348 pugnent
918 3286 1001 3332 sutem
1019 3296 1075 3331 oum
1093 3281 1201 3348 Polybio
1219 3270 1309 3335 uerbo:
1329 3286 1389 3345 „diu

321 3394 352 3429 so
370 3376 449 3441 seepe'
464 3372 584 3432 oonnisi‚“
602 3387 674 3432 „mox
694 3386 784 3422 cernue
803 3369 960 3421 extendendo
974 3369 1085 3421 oleusere
1103 3374 1128 3421 et
1145 3369 1177 3421 eb
1196 3375 1265 3437 tergo
1283 3373 1388 3425 hostes“.

321 3464 412 3515 deinde
434 3464 609 3528 praetermisso
635 3462 735 3525 egregio
763 3457 928 3511 Hasdrubalis
954 3462 1134 3523 strategemate,
1162 3460 1228 3526 quod
1255 3465 1389 3513 mensuum

321 3557 468 3605 momentum
487 3551 519 3601 ed
535 3552 666 3602 uictoriam
682 3547 794 3600 sttnbsso
811 3546 935 3614 Polybius
952 3547 1087 3613 praedicnt
1105 3550 1180 3614 etque
1198 3549 1292 3600 inserts
1308 3552 1332 3599 in
1352 3550 1388 3601 lo-

320 3658 379 3695 enm
400 3637 454 3697 eiu's
476 3642 562 3705 inepte
580 3636 766 3703 nemin-gemm
787 3636 950 3689 Numidarum
969 3634 1058 3687 iebnle
1079 3652 1118 3695 es,
1141 3651 1206 3703 quse
1224 3637 1256 3691 de
1274 3639 1388 3693 Hasdru-

323 3732 381 3785 bale
397 3732 486 3783 Liuius
503 3729 595 3784 ediscit
611 3733 636 3777 ot
653 3743 719 3794 quse
735 3726 804 3778 houd
817 3725 894 3779 dubie
911 3724 1046 3792 Polybium
1063 3725 1183 3786 redolent,
1200 3731 1250 3777 tem
1268 3732 1324 3779 sunt
1343 3728 1387 3779 ob-

322 3836 403 3878 seura,
426 3824 453 3869 ut
475 3819 522 3868 nisi
545 3822 684 3883 comparato
706 3814 814 3882 Polybio
836 3813 948 3879 intellegi
972 3829 1020 3865 non
1042 3817 1142 3881 possint.
1184 3814 1271 3867 eadem
1292 3819 1388 3867 iuouris

321 3908 415 3961 fectum
438 3914 487 3959 est.
508 3913 537 3956 ut
564 3921 677 3971 pugnans
699 3920 783 3955 seeum
806 3900 989 3955 Hasdrubalem
1011 3917 1084 3969 quein
1108 3904 1230 3953 sinistrum
1253 3918 1329 3954 eornn
1350 3908 1388 3955 te-

322 4000 406 4049 nuisse
423 3980 497 4047 entes
515 3994 613 4045 dixerat
630 3994 712 4045 dextri
735 4008 812 4045 cornu
830 3990 984 4057 preelectum
997 3992 1139 4043 nominaret.
1152 4006 1207 4041 neni
1225 3978 1292 4057 quod
1309 3991 1388 4059 Poly-

322 4086 379 4139 bius
401 4085 516 4151 exposuit
536 4082 719 4134 Hasdrubalem
741 4092 855 4147 superero
880 4081 967 4132 dextro
990 4080 1153 4131 Romanmum
1178 4094 1254 4131 cornu
1277 4080 1389 4138 Numidis

321 4177 431 4241 segniter
451 4174 541 4227 dextro
558 4187 636 4225 somn
657 4170 826 4238 pugnantibus
849 4168 971 4221 auxilinm
993 4168 1078 4221 tulisse
1100 4182 1288 4221 commemorare
1310 4171 1390 4221 omisit

321 4267 416 4319 Liuius.
430 4276 436 4297 ‘
452 4266 511 4315 item
535 4262 610 4329 penio
637 4265 692 4328 post
718 4274 803 4313 seeum
830 4262 955 4327 repugnet
976 4261 998 4311 si
1019 4257 1153 4311 Aemilium
1179 4256 1287 4307 Ponlum
1315 4272 1392 4323 quern

322 4354 410 4405 dextro
433 4367 509 4405 cornu
530 4354 695 4419 praepositum
719 4364 773 4403 esse
797 4349 895 4401 dixerat
916 4347 1013 4401 medies
1031 4348 1094 4397 soiei
1111 4360 1227 4412 proeesse
1245 4352 1329 4397 nursi
1346 4354 1389 4397 snt

322 4442 413 4495 oblitus
431 4455 626 4498 commemorare,
645 4438 711 4507 qnod
728 4437 851 4505 Polybius
870 4438 1001 4496 eneneuit,
1019 4434 1125 4489 Paulum
1145 4449 1189 4485 suo
1208 4447 1285 4485 oornn
1303 4436 1328 4485 in
1346 4432 1388 4484 in·

323 4546 380 4596 gom
400 4542 473 4581 uerso
494 4529 522 4578 in
543 4528 650 4580 medinm
667 4530 745 4580 eciem
763 4542 817 4579 sese
836 4525 968 4577 oonbrlisse
986 4528 1029 4577 out
1046 4523 1122 4575 slinm
1140 4526 1264 4574 anconem
1281 4526 1387 4581 secutus,

321 4620 365 4686 qui
386 4625 414 4669 nt
435 4616 566 4682 Appienus
587 4616 671 4668 Hono.
697 4616 729 4669 19
746 4614 843 4667 medies
863 4616 925 4665 eeioi
944 4609 1127 4664 recensuisse
1145 4608 1277 4663 Aemilium
1296 4612 1344 4661 iam
1361 4612 1386 4659 io

322 4709 390 4759 initio
407 4720 509 4773 pugione
526 4702 675 4770 prodiderut
