3417 5567
748 639 968 705 ,33-

323 855 437 919 nauem
457 852 611 919 annosa
626 851 734 919 ordina
746 858 904 919 lambrum
918 855 1005 951 aetas
1020 869 1089 915 esse
1104 848 1204 935 (VIII,
1220 849 1264 934 6).
1297 870 1394 937 quam

320 966 391 1025 tam
423 959 582 1043 copiosam
600 976 650 1023 ac
680 958 798 1025 claram
829 956 1070 1041 descriptionem
1099 954 1222 1039 Polybii
1243 955 1299 1041 qui
1320 960 1394 1019 ante

323 1066 430 1132 oculas
460 1064 559 1131 habet
588 1068 626 1129 ut
651 1085 832 1148 perperam·
845 1064 1070 1148 interpretetur
1099 1061 1168 1127 fieri
1194 1075 1258 1126 non
1279 1065 1393 1144 potest

320 1173 431 1260 itaque
450 1192 583 1237 necesse
605 1176 653 1237 ast
673 1176 710 1237 ut
731 1171 831 1235 alium
849 1169 1036 1237 Plutmchus
1056 1168 1203 1233 habuerit
1223 1174 1394 1245 auctorem,

323 1279 379 1366 qui
404 1284 592 1363 apparatum
617 1278 759 1343 Marcelli
786 1282 843 1343 aut
868 1278 945 1343 item
972 1297 1010 1341 ac
1036 1274 1222 1341 Plutarchus
1242 1279 1300 1339 aut
1320 1274 1394 1339 stri·

323 1383 398 1449 etim
429 1404 467 1449 ac
486 1384 600 1449 ninus
629 1384 713 1449 clare
743 1383 950 1467 descripserit,
981 1386 1018 1447 ut
1038 1381 1128 1446 illum
1146 1400 1250 1446 errore
1270 1380 1395 1464 lapsum
1515 1371 1522 1376 ’

323 1509 393 1554 asse
422 1490 527 1573 putari
559 1490 687 1574 possit„
721 1489 842 1555 aceedit
873 1488 958 1577 quod
994 1487 1074 1553 alter
1104 1507 1202 1553 naues
1227 1507 1293 1551 una
1322 1508 1394 1551 cum

324 1594 471 1661 machina
506 1595 562 1661 illa
606 1594 772 1661 sambucae
811 1595 946 1680 speciem
985 1592 1165 1678 praebuisse
1195 1592 1276 1684 (Pol
1307 1592 1394 1670 VIII,

324 1702 378 1787 6),
400 1702 481 1767 alter
502 1701 604 1786 ipsam
635 1701 1004 1771 machinamsambuoae
1036 1700 1170 1765 similem
1190 1699 1286 1765 fiisse
1317 1700 1394 1765 dicit

201 1898 204 1903 Ι
324 1807 421 1895 (Plut.
444 1808 512 1886 XV,
543 1808 612 1895 20).
668 1816 706 1875 ac
737 1810 765 1873 si
786 1813 886 1915 recte,
893 1808 1019 1874 Liuium
1040 1807 1162 1891 Polybii
1182 1806 1394 1871 narrationem
1524 1854 1528 1862 .

323 1914 388 1980 fare
421 1915 586 1999 integram
616 1916 761 1983 exhibere
798 1917 975 1993 statuimus,
1006 1915 1139 1981 fortasse
1168 1914 1330 1979 Plutarchi
1361 1921 1394 1981 et

322 2021 445 2106 Polybii
476 2022 641 2089 discrimen
672 2024 913 2089 existimandum
940 2027 1003 2100 est,
1037 2022 1122 2109 quod
1149 2021 1258 2086 Liarius
1293 2020 1393 2098 XXV,

321 2128 367 2193 23
389 2134 418 2212 ξ.
442 2129 463 2193 3
497 2128 574 2195 dicit
600 2135 734 2208 turram,
757 2131 847 2195 iuxta
874 2151 969 2217 quam
991 2128 1127 2193 Romani
1145 2145 1269 2224 murum
1290 2133 1393 2193 trans·

323 2236 524 2315 scandebant,
553 2238 705 2303 intentius
733 2236 923 2303 custoditam
955 2256 1033 2314 esse,
1066 2234 1255 2301 Plutarchus
1288 2240 1393 2301 autem

323 2340 439 2419 XVIII,
467 2344 510 2408 13
537 2348 656 2409 tauram
683 2342 815 2414 eandem
835 2341 992 2427 praesidio
1014 2341 1175 2408 defensam
1196 2362 1266 2407 esse
1285 2341 1393 2407 tradit

323 2448 430 2535 itaque
458 2448 485 2513 si
512 2467 570 2513 nee
596 2448 705 2515 Liuius
732 2469 791 2515 nec
818 2448 966 2533 Polybius
986 2447 1056 2515 fons
1077 2448 1138 2513 fiat
1157 2448 1329 2526 Plutarchi
1350 2450 1393 2514 si-

322 2552 534 2621 militudinum
562 2575 643 2643 quae
665 2555 728 2620 alia
746 2575 818 2619 esse
845 2559 952 2639 potest
977 2575 1073 2619 causa
1094 2574 1191 2641 quam
1213 2553 1297 2619 idem
1318 2560 1352 2619 et
1369 2576 1394 2621 a

322 2659 452 2743 Polybio
481 2664 516 2725 et
548 2681 569 2725 a
602 2660 770 2726 Plutarcho
801 2664 969 2748 anm‘patus
999 2664 1118 2748 auctor,
1146 2680 1240 2747 quem
1260 2659 1393 2725 Fabium

323 2766 478 2833 Pictorem
507 2786 587 2831 asse.
603 2786 698 2849 supra
725 2764 935 2854 probauimus.
965 2802 1008 2813 -
1037 2770 1094 2831 aut
1113 2766 1211 2850 ipsius
1231 2766 1394 2831 Plutarchi

324 2870 486 2937 doctrinae
500 2876 559 2937 aut
578 2871 650 2937 aliis
672 2870 810 2937 lontibus
832 2869 1021 2954 amiguauda
1041 2875 1116 2936 sunt
1136 2892 1218 2959 quae
1239 2871 1280 2936 de
1301 2871 1393 2937 disci-

323 2978 410 3062 plina
442 2977 624 3044 mechanica
656 2983 689 3043 et
708 2978 917 3062 ¹praestantia
949 2978 1151 3060 geometriae,
1184 2977 1225 3049 de
1256 2979 1393 3045 moribus

323 3084 493 3171 diuinoque
523 3085 646 3168 ingenio
679 3084 874 3151 Archimedis
906 3084 1079 3168 disputarit
1112 3083 1211 3170 (XIV,
1245 3084 1392 3160 21-603

323 3191 429 3269 XVII,
457 3192 613 3276 lat-41),
658 3211 676 3256 e
703 3191 799 3257 uariis
822 3190 1002 3255 electoribus
1024 3188 1273 3255 namatiunculas
1294 3189 1392 3255 iuter-

323 3298 439 3365 fectiaa
461 3296 561 3363 mihte
582 3296 723 3363 Romano
745 3295 1154 3378 Archimedis-congessisse
1175 3293 1309 3361 uidetur.
1342 3299 1402 3361 at·-

320 3404 539 3492 uua'primam
560 3425 669 3471 earum
682 3403 780 3471 Fabio
794 3404 912 3471 Pistori
929 3402 1035 3470 deberi
1055 3402 1239 3469 uerisimile
1257 3408 1318 3480 est,
1341 3422 1392 3467 ce-

321 3518 462 3579 terarum
490 3517 596 3577 autem
624 3517 767 3577 auctores
794 3510 849 3599 qui
875 3510 992 3577 fuerint
1023 3508 1168 3575 iudicari·
1188 3528 1252 3575 non
1278 3512 1393 3592 potest,

322 3619 398 3707 quia
425 3618 479 3705 qui
505 3617 678 3683 accuratim
705 3616 745 3685 de
773 3620 876 3683 morte
902 3614 1096 3683 mchimeds
1123 3619 1253 3698 ogerum
1274 3613 1392 3700 (Valet.

321 3726 407 3793 Max.
430 3725 515 3803 VIII,
531 3726 569 3789 ·7
593 3729 655 3791 ext.
680 3725 715 3801 73
742 3725 853 3792 Zonar.
875 3724 931 3801 lx,
952 3722 993 3800 ὃς
1020 3720 1315 3803 samunungun
1338 3742 1391 3787 au·

323 3853 382 3917 pra
398 3831 579 3917 laudatur)
602 3852 673 3897 eum
693 3831 782 3897 nulla
803 3830 991 3915 conspirant.
1043 3850 1127 3917 quae
1149 3831 1233 3916 (cap.
1255 3827 1330 3913 XX)
1352 3826 1392 3895 de

322 3939 414 4007 Nicia
436 3943 635 4022 exponuntur
655 3944 680 4003 a'
693 3935 860 4004 Posidonio
881 3958 952 4003 esse
963 3942 1098 4020 sumpta
1118 3936 1186 4021 ipse
1206 3932 1393 4004 Plataeae

323 4044 480 4130 protessus
496 4048 559 4111 est.

414 4150 474 4222 ¹Ut
497 4154 592 4215 antea
609 4150 685 4216 item
706 4149 740 4215 in
761 4150 799 4217 iis
822 4170 904 4237 quae
922 4155 1071 4215 secuntum
1091 4146 1245 4232 capitibus
1266 4148 1393 4215 innaui-

324 4251 450 4322 uersum
479 4245 633 4321 consentit
654 4256 844 4325 Plutarchus
862 4278 934 4321 cum
951 4256 1063 4333 =Liuio,
1084 4255 1139 4342 qui
1151 4254 1246 4319 'solus
1267 4252 1394 4322 οιιέιίθιιι

323 4380 374 4427 res
395 4360 490 4445 paulo
512 4362 645 4446 emplius
667 4362 821 4429 narrauit
846 4360 1049 4427 ¹Marcellum
1071 4360 1262 4427 ornamentis
1284 4365 1393 4445 capta·

323 4465 637 4555 renumerares
654 4467 879 4553 ‘pulchenimis
905 4467 1038 4533 Romam
1061 4464 1233 4551 deportatis
1259 4467 1394 4551 primum

323 4573 481 4640 Romanos
494 4650 496 4655 ,
510 4573 700 4644 Graecarum
721 4575 837 4639 artium
858 4572 1083 4659 operamiram'
1104 4571 1256 4649 docuisse,
1277 4571 1393 4643 muta

324 4702 403 4753 unns
416 4686 523 4745 autem
543 4681 695 4747 inuidiam
707 4680 768 4749 sibi
783 4680 985 4758 mutuasse,
1006 4685 1168 4767 tamquam
1188 4678 1305 4746 duim
1325 4679 1394 4747 eui·
