3417 5567
730 654 948 721 ..17-

300 868 365 933 sint
378 889 443 934 non
465 868 615 934 uidemus.
637 906 683 917 -
703 875 771 935 tam
792 870 996 935 Plutarchum
1018 869 1073 948 VI,
1095 871 1133 935 4:
1157 868 1236 958 πρὸς
1257 868 1293 938 τὸ
1315 877 1381 937 Kc·

301 972 430 1042 omniura
457 975 644 1042 scribentem
672 976 787 1041 falsum
814 976 919 1042 uerbis
944 977 1027 1041 Liuii
1049 974 1150 1054 XXII,
1175 978 1227 1056 13,
1251 976 1289 1043 5:
1323 978 1382 1055 „in

302 1101 414 1164 agrum
427 1079 627 1148 Casinatem‘
649 1081 732 1147 Liuii
753 1083 943 1149 adieetiuum
965 1104 1023 1167 pro
1040 1084 1165 1148 nomine
1186 1084 1272 1149 urhis
1294 1104 1382 1149 aoce-

196 1216 205 1236 ·
301 1190 388 1272 pisse
410 1190 564 1272 sagaciter
585 1188 712 1273 quidem
741 1209 762 1254 a
782 1189 896 1255 Petero
919 1190 1130 1273 excogitatum
1153 1194 1217 1268 est,
1245 1189 1300 1255 sed
1327 1210 1383 1255 ne-

303 1295 368 1360 scio
390 1316 433 1359 an
455 1295 586 1378 cogitari
606 1297 707 1379 possit
729 1295 933 1361 Plutarchum
958 1316 1139 1380 peruersanr
1161 1296 1248 1362 illam
1275 1317 1384 1362 uocem

301 1403 367 1466 'iam
395 1402 549 1485 recepisse
578 1402 619 1468 ab
649 1422 686 1467 eo
708 1423 802 1486 quem
830 1408 955 1467 secutus
984 1408 1040 1467 est.
1086 1390 1220 1487 denique
1253 1403 1384 1477 Petems

303 1508 483 1591 suspicatrn
503 1508 537 1573 in
558 1507 762 1574 describendo
785 1510 965 1586 certamine,
989 1508 1075 1591 quod
1096 1510 1129 1573 in
1151 1527 1227 1593 agro
1249 1509 1384 1575 Falerno

303 1616 389 1679 inter
421 1614 554 1680 Fabium
586 1614 759 1679 Maximum
795 1620 827 1679 et
853 1614 1064 1680 Hannibalem
1098 1616 1296 1681 commissum
1324 1621 1382 1693 est,

304 1721 366 1805 (Pl.
397 1721 459 1799 VI,
487 1721 544 1797 163
574 1721 642 1788 Iro
665 1720 768 1798 XXII,
790 1721 843 1798 16,
867 1721 904 1806 2)
926 1741 1046 1786 errasse
1069 1720 1286 1800 Plutarchum,
1310 1724 1385 1805 quia

304 1828 475 1917 expeditis,
504 1848 584 1911 quos
612 1849 633 1893 a
661 1828 768 1893 Poeno
796 1834 907 1893 contra
928 1828 1084 1895 Romanos
1106 1828 1217 1893 missos
1239 1846 1307 1893 esse
1329 1828 1384 1893 Li·

305 1936 374 1998 uius
389 1938 507 2011 narrat,
522 1934 601 1999 falso
624 1934 665 1999 ad
686 1934 819 2000 Fabium
840 1934 1013 2000 Maximum
1027 1934 1134 1999 relatis
1157 1934 1291 2000 Fabium
1313 1956 1383 1999 cum

306 2039 459 2125 expeditis
487 2041 520 2105 in
547 2041 723 2106 Poenorum
750 2041 936 2105 nouissimos
960 2042 1112 2125 impetum
1139 2041 1249 2106 senisse
1275 2040 1383 2125 prodi·

304 2145 411 2211 disset
457 2145 641 2211 confitemur
662 2146 809 2211 subtilem
831 2166 899 2211 esse
921 2146 1003 2211 hanc
1024 2147 1249 2225 coniecturam,
1282 2149 1309 2213 si
1331 2146 1385 2211 Li-

306 2252 393 2316 uium
425 2257 572 2317 accurate
604 2258 746 2317 secutum
779 2272 847 2316 esse
880 2251 1084 2317 Plutarchum
1117 2259 1284 2318 constaret.
1329 2254 1385 2319 aad

307 2363 427 2422 certum
449 2378 518 2423 esse
540 2358 667 2422 minime
689 2357 751 2423 hoc
777 2357 847 2422 loco
869 2357 1072 2423 Plutarchum
1092 2359 1229 2442 pendere
1252 2381 1272 2424 a
1294 2359 1384 2425 Liuio

307 2471 403 2549 atque
431 2486 495 2530 non
523 2486 625 2549 panca
645 2466 761 2530 rectius
783 2465 875 2530 Liuio
898 2465 1063 2530 tradidisse
1086 2466 1385 2531 inira'demonstra-

308 2572 419 2637 bimus.
441 2571 491 2635 his
505 2572 602 2654 igitur
615 2572 717 2637 causis
731 2570 836 2637 Petcri
850 2572 1006 2637 sententia
1020 2578 1161 2637 nostram
1174 2593 1238 2638 non
1260 2572 1385 2655 infringi

309 2678 506 2744 arbitramur.

413 2783 477 2849 Sed
497 2784 577 2849 haec
593 2784 764 2849 hactenus.
811 2790 1007 2849 reuertamur
1028 2784 1070 2849 ad
1092 2785 1306 2868 quaestionem
1327 2805 1385 2849 no-

281 2972 284 2977 ·
309 2898 416 2957 stram.
444 2912 483 2955 ac
504 2892 653 2975 qnoniam
674 2889 860 2955 Plutarchus
883 2890 923 2956 de
945 2912 982 2955 eo
1004 2896 1155 2975 tempore,
1179 2910 1242 2973 quo
1264 2909 1385 2955 summo

308 2999 441 3082 imperio
466 2997 655 3081 fungebatur
680 2996 797 3063 Fabius
825 2997 980 3061 Maximus
1008 3003 1041 3061 et
1069 2997 1110 3063 ab
1134 3017 1172 3061 eo
1194 2996 1261 3060 solo
1282 3001 1332 3059 tot
1354 3000 1386 3059 et

309 3110 376 3169 tam
397 3103 545 3187 grauibus
561 3101 703 3167 cladibus
717 3102 908 3168 labefactata
922 3102 1033 3167 ciuitas
1055 3101 1096 3168 ab
1118 3102 1247 3166 interitu
1268 3101 1386 3165 retrahi

309 3230 401 3294 posse
423 3208 598 3286 uidebatur,
621 3210 739 3275 maiore
761 3210 946 3293 cnm'oopia
968 3214 1001 3273 et
1021 3209 1167 3277 ubertate
1195 3228 1287 3291 agere
1315 3229 1385 3272 coe-

309 3318 366 3401 pit,
394 3316 495 3381 multo
521 3315 636 3380 certius
665 3316 788 3381 ostendi
814 3322 921 3399 potest
942 3336 1024 3399 qnae
1045 3316 1126 3381 ratio
1149 3316 1190 3381 sit
1211 3316 1293 3380 inter
1315 3296 1386 3391 euni

310 3430 343 3489 et
364 3429 485 3489 eeteros
505 3427 664 3499 auctores,
688 3422 827 3506 quinon
846 3423 940 3487 modo
960 3422 994 3486 in
1015 3421 1200 3486 uniuersum
1214 3422 1269 3486 sed
1291 3420 1386 3485 etiarn

309 3531 389 3595 mira
403 3548 628 3611 nonnunquam
649 3530 772 3594 ratione
795 3550 866 3593 cum
889 3548 927 3594 eo
949 3528 1155 3593 consentiunt.
1184 3527 1266 3592 Liuii
1280 3533 1386 3592 autem

310 3635 443 3701 historia
464 3642 609 3701 accurate
629 3658 721 3701 usum
742 3657 809 3701 esse
831 3635 1034 3701 Plutarchum
1057 3635 1152 3700 etiam
1173 3656 1237 3701 non
1259 3656 1385 3718 compa-

311 3744 390 3808 ratis
411 3742 539 3825 singulis
562 3742 638 3807 locis
659 3743 766 3825 negari
781 3742 884 3807 debet.
929 3763 1003 3806 nam
1023 3742 1057 3807 in
1078 3742 1167 3807 initio
1190 3748 1223 3806 et
1243 3741 1305 3805 fine
1326 3740 1385 3805 hu·
1471 3822 1474 3833 1

311 3850 360 3913 ius
394 3848 581 3915 narrationis
612 3870 734 3913 summa
767 3870 838 3914 cum
867 3848 1028 3931 diligentia
1061 3868 1098 3913 ac
1130 3847 1254 3913 disertis
1282 3847 1385 3913 uerbis

312 3953 442 4039 exponit
477 3953 585 4018 Liuius
620 3954 742 4039 (XXII,
771 3956 791 4021 8
814 3960 848 4019 ct
870 3956 928 4039 31)
950 3954 1084 4019 Fabium
1105 3975 1168 4020 non
1191 3953 1385 4030 dictatorem,

312 4068 349 4126 ut
376 4082 484 4126 omnes
511 4082 610 4146 prope
637 4063 801 4127 annalium<
817 4063 984 4146 scriptores
1006 4060 1218 4139 tradidissent,
1240 4069 1306 4125 rem
1329 4060 1386 4125 ad·

312 4188 422 4233 uersus
443 4167 653 4234 Hannibalem
674 4170 820 4251 gessisse,
844 4168 909 4246 sed,
932 4190 1004 4233 cum
1026 4166 1174 4233 Seruilius
1197 4167 1314 4244 consul,
1337 4168 1387 4231 cui

313 4274 368 4339 uni
395 4275 445 4339 ina
466 4274 576 4339 fuisset
597 4274 757 4340 dictatoris
784 4274 923 4352 dicendi,
945 4274 1069 4340 abesset
1089 4295 1191 4357 neque
1213 4274 1311 4338 literis
1333 4294 1386 4338 ac-

314 4383 370 4448 ciri
397 4387 513 4466 posset,
541 4402 562 4445 a
587 4380 704 4465 populo
731 4388 837 4446 autem
859 4381 1042 4446 dictatorem
1063 4380 1163 4445 creari
1185 4400 1247 4445 non
1269 4379 1386 4455 liceret,

314 4486 400 4572 quod
427 4508 588 4571 nunquam
615 4492 709 4551 antea
736 4487 854 4553 factum
883 4490 984 4566 esset,¹
1013 4486 1256 4571 prodictatorem
1282 4485 1385 4549 Minu-

314 4593 459 4676 ciumque
481 4593 662 4675 magistrum
685 4593 825 4676 equitum
846 4614 866 4657 a
887 4582 1003 4677 populo
1026 4596 1165 4657 creatum
1187 4612 1262 4656 esse.
1307 4611 1385 4674 quo-

314 4722 384 4763 rnm
399 4704 651 4781 argumentorum
669 4699 788 4765 nullum
810 4700 894 4783 apud
916 4698 1119 4766 Plutarchum
1141 4705 1190 4762 est
1211 4698 1384 4781 uestigium,

463 4828 467 4838 ·
1160 4805 1176 4855 2
