3417 5567
761 665 979 731 ..32-

336 877 581 943 demonstratum
608 875 730 941 sithoc
756 875 825 941 loco
849 876 966 959 optimo
988 876 1057 941 iure
1079 875 1238 955 conicitur,
1262 897 1402 962 praeser-

335 985 393 1049 tim
416 1004 486 1047 cum
503 1004 664 1065 nunquam
684 984 767 1048 inter
789 1004 822 1048 se
844 982 1039 1060 dissentiant,
1063 981 1103 1048 ab
1125 983 1277 1069 Eutropio
1299 992 1405 1051 autem

335 1090 471 1175 pendere
505 1088 648 1156 Orosium
680 1090 733 1174 qui
766 1090 866 1155 multo
900 1090 998 1155 husius
1031 1112 1081 1155 res
1113 1092 1291 1175 exposuerit
1321 1091 1405 1157 credi

336 1219 399 1263 non
426 1196 534 1281 possit.
585 1200 680 1280 atque
708 1215 771 1260 non
799 1196 900 1260 solum
923 1216 1003 1279 quae
1027 1196 1169 1262 narrauit
1190 1196 1298 1262 Liuius
1320 1218 1404 1263 sum-

336 1304 446 1370 matim
478 1300 624 1379 referumt,
659 1300 715 1367 sed
749 1302 843 1366 etiam
870 1302 953 1366 unde
982 1301 1121 1367 hauserit
1143 1324 1182 1368 ea
1203 1303 1317 1369 docent
1337 1326 1403 1369 nos.

337 1409 377 1476 de
399 1409 517 1493 ingenti
539 1408 620 1472 enim
648 1407 723 1473 belli
745 1413 900 1491 apparatu
922 1407 1107 1473 disserentes
1129 1408 1268 1474 adiciunt
1289 1410 1405 1475 Eutro-

335 1518 421 1602 pius:
449 1514 682 1597 „traditumque
710 1518 758 1578 est
780 1534 800 1578 a
821 1512 920 1578 Fabio
942 1513 1094 1578 historico
1111 1514 1166 1598 qui
1200 1515 1229 1579 ei
1251 1515 1333 1582 bello
1355 1516 1403 1580 in-

336 1615 640 1699 terluitfl‘Orosius:
664 1620 767 1697 „sicut
787 1620 905 1684 Fabius
923 1617 1090 1685 historicus
1111 1621 1167 1705 qni
1197 1622 1299 1686 eidem
1320 1621 1404 1688 bello

336 1727 479 1794 interfuit
492 1741 494 1749 ’
506 1727 659 1810 scripsit“
670 1748 686 1781 ι·
703 1748 776 1815 non
794 1731 900 1791 autem
918 1727 1020 1810 ipsius
1041 1724 1131 1792 Fabii
1153 1724 1284 1793 Pictoris
1306 1748 1404 1794 anna-

335 1836 381 1901 les
409 1855 462 1900 eos
490 1830 671 1917 inspexitsoj
699 1832 755 1897 sed
780 1850 896 1897 nomen
918 1833 984 1897 eius
1004 1854 1023 1898 e
1045 1833 1137 1898 Liuio
1157 1835 1404 1920 transscripsisae

338 1960 429 2008 nemo
451 1961 514 2006 non
533 1940 697 2023 intellegit.
738 1940 811 2009 ,iant
833 1957 910 2004 uero
931 1955 1003 2003 cum
1023 1938 1163 2005 Zonarae
1183 1940 1311 2006 uberior
1330 1941 1405 2007 belli

338 2047 505 2131 descriptio
523 2046 676 2115 ,concinat
699 2049 732 2109 et
771 2050 922 2128 congruat
952 2065 1025 2110 oum
1045 2042 1197 2130 Eutropio
1223 2052 1257 2112 et
1285 2045 1404 2125 Oresio,

337 2154 393 2220 uix
414 2152 551 2218 dubitari
567 2148 672 2235 potist
690 2150 767 2235 quin
787 2151 864 2215 item
886 2150 947 2215 Dio
969 2149 1104 2229 Cassius,
1127 2172 1220 2235 quom
1243 2154 1405 2237 exscripsit

338 2262 485 2337 Zonaras,
507 2264 603 2342 atque
624 2258 732 2322 Liuius
753 2254 1056 2341 FabiumPictorem
1071 2263 1230 2324 auctorem
1251 2256 1404 2325 habuerit.

338 2367 379 2432 ab
406 2366 466 2431 hac
491 2385 576 2429 uero
594 2360 739 2429 'Fabiana
757 2363 944 2458 ‹narratione
970 2374 1161 2450 quamquam
1187 2384 1281 2453 saepe
1307 2366 1408 2454 plnri7

338 2491 424 2539 mum
435 2472 532 2537 distat
543 2471 698 2555 Polybius,
710 2468 742 2556 i¹)
764 2477 870 2536 tamen
879 2470 1017 2536 'Fabium
1031 2470 1189 2535 Pictorem·
1207 2471 1260 2536 ab·
1271 2492 1308 2536 oo
1331 2491 1405 2537 con·

338 2579 565 2644 sunmerso·
579 2578 741 2643 cumanis
763 2594 844 2666 quae
866 2577 1047 2664 conspirant
1068 2595 1141 2641 cnm
1163 2578 1275 2643 ceteris
1296 2584 1405 2644 ancto-

269 2772 274 2789 ,
338 2686 424 2751 risus
456 2684 611 2769 sumtu,
643 2685 701 2770 as)
733 2684 968 2750 recusatam
996 2666 1037 2774 ἦν
1066 2684 1120 2755 aa
1149 2681 1339 2768 caparae
1369 2683 1405 2752 a

340 2797 517 2877 capdavaco
536 2798 602 2867 τοῖς
623 2788 661 2857 ἐν
683 2788 769 2878 αὐτῷ
790 2793 833 2878 τῷ
854 2791 954 2877 καιρῷ
976 2788 1045 2856 τότε
1062 2792 1222 2875 ’παροῦσιν
1243 2792 1408 2875 significari

337 2898 471 2964 uidetur.
500 2931 543 2947 ψ
571 2894 620 2961 his
647 2896 822 2984 explanatis
851 2895 930 2983 quid·
955 2895 994 2960 de
1021 2896 1189 2961 Plutarcho
1210 2896 1410 2963 indicandum

340 3006 381 3071 sit
402 3003 572 3069 uideamus.
617 3023 655 3068 ac
677 2994 841 3087 Polybium
856 3002 982 3089 quidem
1002 3002 1120 3067 tbntem
1142 3004 1208 3069 eius
1230 3025 1293 3069 non
1314 3005 1409 3070 fusse

339 3114 372 3177 in
394 3116 504 3200 aperto
523 3117 589 3189 est,
619 3111 693 3199 qnia
719 3112 819 3177 multa
839 3110 908 3175 fuse
929 3115 1039 3175 narrat
1059 3109 1254 3187 Plutarchus,
1277 3130 1409 3197 quorum

339 3218 459 3283 nullum
473 3216 558 3305 apud
572 3216 735 3300 Polybium
749 3222 797 3281 est
812 3216 990 3298 uestigium,
1013 3221 1047 3279 et
1066 3215 1107 3279 de
1121 3215 1300 3281 Mediolano
1314 3220 1408 3303 capto

307 3354 310 3357 ·
341 3346 440 3410 aeque
455 3330 549 3411 atque
565 3323 659 3387 ceteri
674 3329 816 3387 auctores
829 3322 973 3387 dissentit
989 3322 1031 3386 ab
1047 3342 1092 3386 eo.
1126 3321 1282 3387 simillima
1304 3327 1409 3387 anam

339 3437 413 3497 sunt
435 3450 515 3518 quae
534 3428 719 3493 Plutarchus
741 3426 881 3515 prodidit
902 3428 932 3491 ei
953 3426 1029 3491 belli
1050 3426 1259 3515 descriptioni,
1283 3448 1409 3511 qname

340 3539 440 3604 tribus
455 3536 516 3601 illis
531 3535 711 3600 auctoribus
726 3554 833 3599 eruere
855 3556 894 3599 ac
916 3532 1090 3599 Fabianam
1112 3534 1214 3599 dicere
1235 3554 1408 3621 possumus.

340 3667 414 3711 nam
435 3638 548 3709 mirum
570 3648 721 3729 quantum
744 3641 900 3706 consentit
921 3638 961 3705 de
983 3640 1191 3706 Gaesatorum
1212 3640 1338 3706 nomine
1359 3641 1408 3705 in·

340 3749 545 3840 terpretando
564 3768 634 3813 cum
657 3747 776 3825 (hosio,
799 3746 839 3812 de
859 3747 978 3830 ingenti
999 3746 1233 3834 perturbatione
1255 3751 1288 3811 et
1309 3766 1409 3835 appa·

341 3864 413 3922 ratu
433 3856 645 3920 Romanorum
667 3875 738 3920 oum
759 3854 912 3931 omnibus,
932 3854 974 3919 de
994 3852 1085 3919 Gallo
1108 3860 1141 3918 et
1163 3854 1264 3932 Galla,
1288 3853 1409 3919 Graeco

341 4086 553 4117 W

447 4192 471 4257 'l
489 4194 544 4244 Non
568 4186 695 4245 conciliari
721 4194 823 4258 possunt
844 4205 900 4242 cum
922 4190 1010 4243 ceteris
1033 4189 1176 4241 sudoribus
1198 4206 1264 4258 quae
1286 4191 1409 4260 Polybius

342 4284 373 4334 dc
391 4284 478 4347 primis
493 4280 594 4347 proeliis
611 4282 640 4333 Ii
660 4280 766 4333 Aemilio
782 4280 855 4346 Papo
874 4278 901 4333 C.
920 4278 997 4331 Atilio
1012 4279 1112 4344 Regulo
1130 4294 1192 4331 cosa
1212 4280 1345 4332 commissis
1362 4296 1408 4333 ex·

341 4372 431 4437 posuit,
448 4374 500 4423 tum
517 4384 566 4423 non
584 4369 693 4421 meando
715 4369 759 4421 sed
782 4371 852 4421 tertio
870 4367 931 4419 belli
948 4383 1012 4419 anno
1029 4368 1155 4419 Romanos
1171 4371 1240 4418 tuns
1256 4368 1355 4423 Padum
1372 4369 1409 4419 le·

342 4461 428 4525 gioncs
440 4458 551 4511 »duxisse
573 4458 654 4509 tradit.
695 4456 728 4507 ab
750 4448 800 4509 solo
824 4456 932 4523 denique
956 4454 1071 4521 Scipione
1089 4454 1192 4507 absente
1211 4455 1332 4508 Marcello
1349 4458 1409 4509 Me-

342 4547 466 4600 diolanum
487 4531 656 4615 expugnatum
680 4561 733 4598 esse
751 4543 818 4597 haud
837 4547 887 4596 scio
906 4562 938 4595 an
957 4540 1114 4610 Scipionibus
1131 4543 1246 4596 lauturus
1264 4549 1409 4601 nananerit.

343 4640 470 4702 paracterca
483 4638 541 4703 quia
553 4636 585 4687 dc
597 4636 673 4686 rebus'
682 4632 781 4685 Gallicis
800 4628 988 4702 κεφαλαιωδῶς
1012 4632 1056 4698 (II,
1076 4634 1120 4696 14)
1148 4632 1315 4685 tantummodo
1333 4647 1409 4699 agere

344 4724 392 4776 sibi
410 4728 569 4791 proposuerat
587 4724 662 4774 multa
680 4724 823 4788 perstrinxit
841 4729 884 4772 aut
905 4722 990 4773 omisit.
