3417 5567
739 651 1027 749 *²⁷·,

307 856 472 944 Appianas
499 858 617 947 (Hann
640 862 699 947 24)
726 864 869 929 nmmuit
892 865 1016 953 equites
1045 864 1202 931 Romanm
1223 868 1277 955 qui
1299 869 1381 934 cirea

301 963 477 1034 'Aemilium
506 966 641 1033 Paulum
669 974 791 1047 essent,·
817 991 888 1035 mun
915 991 986 1035 eum
1014 972 1103 1054 graui
1126 968 1270 1039 uulnere
1284 970 1381 1041 ictum

309 1092 351 1136 ex
377 1092 458 1159 equo
486 1072 685 1140 delabentem
706 1075 861 1155 uiderunt,
884 1078 1049 1161 opinantes
1072 1078 1114 1143 ad
1134 1078 1230 1163 pedes
1251 1080 1380 1146 descen·

307 1176 383 1243 dere
404 1162 530 1245 ihssisse
558 1181 719 1252 consulem
740 1181 905 1248 desiluisse
925 1203 965 1247 ex
988 1184 1074 1271 equis
1097 1202 1136 1249 ac
1159 1183 1290 1268 pedibus
1310 1206 1381 1251 cum

307 1283 399 1349 hoste
425 1306 581 1369 pugnasse
608 1286 697 1351 addit
724 1287 808 1367 XVI,
838 1289 898 1353 28:
929 1285 1235 1375 uocabolorum
1262 1290 1379 1373 „Torie'

308 1388 371 1479 ἔφη
394 1392 518 1473 μᾶλλον
538 1391 727 1483 ἠβουλόμην
751 1391 820 1483 ἢεί
836 1398 1026 1479 δεδεμένους
1048 1397 1264 1483 παρέλαβον.“
1292 1394 1381 1464 Ἀλλὰ
1411 1445 1412 1449 =

307 1498 406 1563 saduc
425 1494 488 1581 μὲν
510 1500 542 1564 οἱ
563 1496 617 1575 τὰς
646 1498 820 1583 διεξοδικὰς
842 1498 1026 1589 γράψαντες
1048 1503 1184 1591 ἱστορίας
1206 1504 1379 1591 παρηγγέλ-

306 1620 390 1668 naus.
435 1605 565 1689 opponit
591 1606 687 1691 igitur
713 1607 742 1673 ei
770 1627 864 1694 quem
897 1607 1093 1690 potissimum
1127 1608 1241 1673 ducem
1268 1608 1380 1675 habuit

308 1693 447 1775 aiterum
468 1716 628 1778 auctorem
650 1733 781 1802 eumque
802 1712 1010 1798 prolixiorem.
1056 1715 1120 1779 iam
1138 1736 1221 1782 *uero
1247 1715 1379 1784 Fabium

306 1814 467 1881 Pictorem
493 1818 676 1902 primarium
706 1820 859 1885 habentes
894 1826 1053 1888 auctorem
1081 1808 1151 1911 quis
1178 1821 1273 1887 bremt
1291 1822 1380 1891 aiter

307 1926 418 2000 auctor
442 1944 505 1987 non
526 1923 654 1989 difficile
676 1926 789 1991 estad
818 1925 1038 2011 indagandum.
1082 1948 1156 1993 nam
1177 1948 1248 1993 eum
1263 1928 1379 1999 ,eedem

306 2028 407 2093 uerba
428 2029 613 2095 Hannibalis
635 2030 721 2115 apud
742 2032 869 2097 Liuium
891 2032 1008 2119 (XXII,
1029 2032 1094 2111 49„
1107 2034 1142 2119 3)
1164 2034 1378 2101 inueniuntur:

307 2138 397 2211 „tum
424 2134 621 2203 denuntianti
648 2138 772 2203 cuidam
804 2139 930 2205 iussisse
965 2140 1122 2225 consulem
1144 2140 1185 2207 ad
1205 2140 1301 2225 pedes
1322 2142 1378 2208 dc-

307 2226 457 2307 soendere
479 2242 610 2330 equites,
633 2242 748 2311 dixisse
765 2244 982 2317 ⁴Hannibalem
1003 2245 1117 2325 forami,
1138 2268 1232 2335 quam
1253 2248 1379 2315 maliem

305 2346 429 2413 uinctos
456 2347 534 2413 mihi
561 2348 733 2430 traderet,“
760 2350 816 2415 uix
845 2349 983 2417 dubitari
1009 2372 1101 2435 posse
1127 2358 1274 2435 putamus
1303 2356 1378 2443 quin

304 2454 410 2539 ipsrnn
429 2454 555 2521 Liuium
574 2454 636 2520 iliis
657 2456 761 2521 uerbis
783 2455 991 2541 desiguauerit
1012 2456 1207 2525 Plutarchum.
1261 2480 1299 2525 ac
1320 2482 1377 2528 suo

305 2559 373 2638 inre
399 2559 482 2626 Liuii
507 2561 669 2629 historiam
695 2552 901 2646 prolixiorem
912 2562 944 2648 ²¹²)
972 2563 1068 2629 fuisse
1087 2586 1184 2652 quam
1205 2566 1297 2631 Fabii
1322 2568 1374 2633 Pi·

306 2669 401 2735 ctoris
424 2667 553 2734 annales
574 2668 679 2733 dicere
698 2670 810 2753 potuit.
854 2689 956 2757 neque
982 2670 1075 2735 ahter
1095 2672 1129 2736 in
1150 2672 1217 2737 uita
1237 2674 1377 2741 Marcelli

305 2775 479 2840 narrationi
507 2795 583 2840 snae
610 2776 826 2842 memorabilia
854 2776 1009 2863 quaedam
1029 2777 1128 2843 uerba
1149 2778 1232 2859 Liuii
1253 2782 1377 2847 nomine
1454 2764 1459 2789 ¹

305 2882 373 2947 eius
395 2883 539 2965 apposito
562 2881 713 2947 annexuit
735 2882 787 2968 (ci.
811 2880 907 2946 Maro.
931 2880 986 2960 XI,
1009 2884 1069 2960 223
1101 2882 1215 2964 XXIV,
1238 2886 1306 2971 20).
1350 2888 1376 2953 si

304 3008 381 3054 uero
401 3005 466 3052 non
487 2987 620 3053 Fabium
641 2988 697 3053 sed
718 2987 844 3053 Liuium
865 2987 1048 3072 primarium
1070 2996 1229 3057 auctorem
1251 2993 1376 3060 Plutar-
1472 2986 1477 2991 ’

306 3096 358 3162 chi
384 3095 490 3160 fuisse·
507 3094 648 3179 posueris
670 3094 932 3183 quemadmodum
953 3096 1052 3161 uerba
1073 3098 1127 3163 iila
1148 3098 1375 3183 interpretabe-

304 3202 369 3267 ris?
413 3222 488 3265 nam
515 3221 571 3265 cur
597 3206 634 3265 nt
661 3207 767 3266 cetera
792 3223 857 3267 non
878 3202 954 3267 item
976 3201 1094 3268 dictum
1115 3204 1193 3268 iliud
1216 3204 1300 3292 quod
1320 3206 1375 3280 iis-

304 3309 378 3375 dem
405 3308 510 3375 uerbis
537 3308 646 3373 Liuius
677 3306 804 3375 exhibet
832 3330 872 3374 ex
900 3330 936 3375 eo
958 3310 1115 3394 petiuerit,
1138 3309 1194 3375 sed
1216 3310 1257 3375 ad
1279 3311 1375 3379 alium

195 3442 202 3457 r
303 3418 463 3482 auctorem
483 3416 703 3501 prouocauerit
723 3436 787 3480 non
809 3402 1007 3499 intellegitur.
1058 3408 1155 3503 atque
1176 3418 1244 3505 quis
1267 3409 1376 3485 auctor

303 3522 438 3609 amplius
468 3542 564 3610 quam
600 3519 711 3587 Liuius
743 3520 861 3589 bellurn
894 3519 1136 3588 Hannibalicum
1167 3526 1374 3608 exposuerat?
1475 3528 1479 3539 ’

303 3630 410 3716 itaque
437 3626 650 3693 adsumamus
684 3628 780 3709 otiam
807 3629 891 3693 hunc
917 3628 1021 3694 locum
1047 3632 1174 3695 nostrae
1203 3627 1374 3695 sententiae

408 4002 433 4066 ⁸)
452 4002 605 4068 Quamquam
622 4017 671 4053 non
688 4004 769 4053 minus
786 4005 847 4069 quot
863 4001 933 4053 libris
952 4002 1077 4053 historiam
1095 4015 1165 4052 suam
1180 3998 1373 4065 comprehende·

302 4093 335 4142 rit
357 4089 450 4142 Fabius
471 4090 557 4142 Pictor
578 4104 652 4155 quam
676 4090 708 4141 ad
732 4106 806 4157 quem
829 4105 920 4141 annum
944 4104 998 4141 cam
1021 4075 1167 4156 produxerit
1184 4091 1307 4140 incertum
1330 4092 1374 4149 est,
1411 4119 1417 4127 «

302 4184 384 4233 umen
401 4192 467 4238 eum,
490 4180 535 4245 qni
551 4178 667 4243 princeps
683 4178 849 4229 Romanorum
867 4177 900 4228 sd
922 4192 962 4229 rus
987 4176 1177 4229 conscribendas
1195 4174 1307 4237 accessit,
1326 4192 1374 4229 non

302 4271 354 4321 um
370 4265 494 4333 prolixam
511 4266 638 4318 historiam
655 4264 765 4317 edidisse
783 4280 858 4332 quam
868 4266 976 4323 Liuium,
995 4268 1036 4317 cui
1053 4268 1088 4319 tot
1106 4270 1130 4318 at
1146 4269 1196 4317 tam
1213 4266 1279 4315 uarii
1296 4278 1375 4317 anna·

301 4354 340 4408 loa
359 4358 458 4421 praesto
480 4348 552 4406 erant
572 4357 598 4405 et
619 4356 664 4421 qui
685 4353 719 4405 de
736 4367 787 4405 uno
804 4352 871 4405 balio
890 4354 1057 4405 Hannibalico
1075 4352 1161 4405 decem
1179 4351 1255 4404 libros
1274 4365 1373 4418 compo·

302 4447 361 4506 suit
385 4458 442 4496 cum
464 4457 505 4495 res
526 4446 581 4510 ipsa
599 4443 672 4495 docui
689 4446 741 4496 tum
757 4446 861 4495 testatur
878 4444 954 4496 locus·
965 4444 1066 4511 quidam
1083 4440 1166 4500 Gellii,
1183 4441 1253 4493 Nocti
1273 4440 1324 4493 au
1342 4440 1373 4500 V,

302 4535 328 4594 4,
344 4548 361 4585 c
378 4547 429 4600 quo
446 4534 596 4599 perspicitur
612 4547 678 4600 quus
689 4532 754 4585 Liuii
766 4532 830 4584 libro
842 4536 912 4585 sexto
931 4534 1087 4584 continentur
1105 4544 1135 4581 ea
1152 4532 1178 4581 iu
1196 4530 1268 4581 Fabii
1287 4532 1375 4596 quarto

302 4623 441 4688 comoripts
462 4620 548 4673 insse
598 4624 732 4687 utrumqne
759 4624 841 4673 antem
874 4638 889 4671 a
916 4620 1056 4687 primordiis
1076 4617 1145 4670 urbis
1167 4618 1263 4669 inltium
1285 4615 1375 4668 fecisse

301 4726 373 4764 nemo
390 4712 495 4775 ignorat.
