3417 5567
763 638 981 704 ψῃ...

338 849 583 916 demonstratum
611 848 732 914 sithoc
759 849 828 915 loco
851 849 969 933 optimo
991 850 1059 915 iure
1081 849 1241 929 conicitur,
1264 873 1406 937 pracser-

338 957 396 1021 tim
419 976 489 1021 cum
506 977 666 1039 nunquam
687 956 769 1021 inter
791 978 824 1021 se
847 956 1041 1035 dissentiant,
1065 956 1105 1022 ab
1127 957 1280 1043 Eutropio
1301 966 1409 1027 autem

338 1062 474 1148 pendere
507 1061 651 1128 Orosium
683 1064 736 1147 qui
768 1064 868 1129 multo
902 1064 1001 1129 fusius
1033 1086 1083 1130 res
1115 1066 1294 1149 exposuerit
1323 1066 1409 1131 credi

339 1191 402 1235 non
429 1168 537 1253 possit.
588 1173 683 1251 atque
710 1189 773 1234 non
802 1168 902 1234 solum
925 1190 1006 1253 quae
1029 1170 1171 1235 narrauit
1192 1170 1300 1236 Liuius
1322 1193 1407 1237 sum-

338 1277 448 1342 matim
480 1273 627 1352 refenmt,
662 1273 717 1339 sed
751 1275 845 1339 etiam
872 1275 955 1340 unde
984 1275 1124 1342 hauserit
1145 1298 1184 1343 ea
1205 1276 1319 1343 docent
1340 1299 1407 1343 nos.

340 1382 380 1448 de
402 1382 519 1466 ingenti
542 1380 623 1445 enim
650 1379 725 1445 belli
747 1386 903 1465 apparatu
924 1380 1109 1447 disserentes
1132 1381 1270 1447 adiciunt
1291 1383 1408 1449 Eutro-

338 1491 423 1575 pius:
452 1487 684 1569 „traditumque
712 1492 761 1551 est
783 1507 803 1551 a
824 1485 922 1551 Fabio
943 1486 1096 1552 historico*
1114 1489 1168 1571 qui
1201 1489 1231 1553 ei
1253 1489 1335 1555 bello
1356 1490 1407 1555 in-

339 1586 487 1672 teriirit,“·
500 1593 642 1659 Orosius:
667 1593 769 1671 „sicut
789 1593 907 1657 Fabius
925 1589 1092 1658 historicus
1113 1595 1169 1678 qui
1199 1594 1301 1660 eidem
1323 1595 1407 1661 bello

338 1700 482 1766 interfuit
494 1714 497 1721 ⁴
509 1699 662 1783 scripsit“
674 1722 688 1753 :1
705 1720 778 1788 nou¹
795 1704 902 1764 autem
920 1700 1023 1783 ipsius
1043 1698 1134 1765 Fabii
1155 1698 1286 1767 Pictoris
1307 1722 1407 1768 anna-

338 1809 384 1873 les
411 1827 465 1873 eos
493 1802 673 1890 inspexisse,
701 1805 757 1870 sed
783 1824 898 1870 nomen
919 1807 986 1871 eius
1007 1826 1025 1870 e
1047 1806 1140 1872 Liuio
1159 1809 1407 1894 transscripsisse

341 1933 432 1980 nemo
453 1933 517 1978 non
535 1913 699 1995 intellegit.
750 1913 814 1977 iam
836 1931 912 1977 uero
933 1923 1005 1977 cum
1026 1911 1165 1979 Zonarae
1186 1914 1312 1981 uberior
1332 1900 1408 1981 belli

340 2020 507 2103 descriptio
526 2018 677 2089 ,concinat
701 2023 734 2082 et
773 2023 924 2101 congruat
955 2039 1027 2083 cum
1047 2016 1199 2104 Eutropio
1225 2026 1260 2085 et
1286 2020 1406 2099 Oresio,

340 2127 395 2191 uix
417 2124 553 2190 dubitari
570 2120 675 2207 potest
693 2122 769 2207 quin
786 2124 866 2188 litem
889 2123 1106 2203 DioGassius,
1129 2145 1222 2209 quem
1245 2128 1407 2212 exscripsit

340 2235 487 2310 Zonaras,
510 2236 605 2314 atque
626 2231 734 2295 Liuius
756 2226 888 2295 Fabium
903 2226 1058 2315 Pictorem
1073 2237 1232 2297 auctorem
1253 2232 1405 2299 habuerit.

340 2339 381 2404 ab
408 2338 469 2403 hac
494 2356 579 2401 uero·
597 2334 742 2402 *Fabiana
767 2337 946 2430 narratione
972 2348 1163 2425 quamquam
1189 2358 1283 2427 saepe
1309 2340 1410 2429 pluri7

340 2463 427 2511 mum
438 2444 535 2509 distat
545 2444 701 2528 Polybius,
712 2440 744 2529 l‘)
766 2450 873 2509 tamen
881 2443 1019 2509 ‘Fabium
1033 2443 1192 2509 Pictorem·
1209 2444 1262 2510 ab·
1273 2466 1310 2511 eo
1332 2464 1406 2511 con·

341 2552 459 2616 sultum
472 2560 568 2615 2esso‘
581 2552 743 2615 cumaliis
766 2572 846 2639 quae
869 2550 1049 2638 conspirant
1069 2569 1143 2615 cum
1165 2552 1276 2617 ceteris
1298 2558 1407 2618 aucto·

271 2744 276 2761 „
340 2658 426 2724 suus
459 2657 613 2743 uim-(u,
645 2658 704 2742 aa)
735 2657 970 2724 resbacum
998 2640 1040 2748 ἦν
1068 2657 1121 2729 aa
1151 2654 1341 2742 sapsam
1370 2657 1407 2726 a

342 2769 519 2849 συμβαῢνον
539 2754 604 2839 uois
625 2761 663 2830 ἐν
685 2761 771 2851 αὐτῷ
792 2767 835 2852 τῷ
857 2765 956 2850 καιρῷ
978 2761 1047 2829 sdes
1068 2765 1224 2848 παροῦσιν
1245 2764 1410 2848 significari

340 2870 473 2937 uidetur.
502 2904 545 2919 -—
573 2868 622 2934 his
649 2870 824 2957 explanatis
854 2869 932 2957 quid·
956 2869 996 2933 de
1023 2869 1190 2934 Plutarcho
1212 2870 1411 2936 iudicandum

342 2979 383 3043 sit
403 2977 574 3041 uideamus.
619 2996 657 3041 aa
679 2968 843 3060 Polybium
858 2976 983 3063 quidem
1004 2976 1122 3040 ibntem
1143 2977 1210 3043 eius
1232 2999 1295 3043 non
1315 2978 1410 3043 fuisse

341 3087 373 3150 in
396 3089 506 3173 aperto
525 3090 591 3161 ‘est
621 3085 695 3172 quia
720 3085 821 3149 multa
842 3084 910 3148 fuse
931 3089 1041 3148 nanat
1061 3082 1256 3160 Plutarchus,
1279 3104 1411 3171 quorum

341 3190 461 3256 nullum
475 3188 559 3279 apud
573 3190 736 3274 Polybium
751 3196 800 3254 est
813 3189 992 3271 uestigium,
1015 3194 1048 3252 et
1069 3187 1108 3252 de
1123 3188 1301 3254 Mediolano
1316 3194 1410 3277 capto

343 3319 442 3382 aeque
456 3303 551 3384 atque
566 3296 661 3361 ceteri
675 3302 819 3361 auctores
831 3296 975 3361 dissentit
991 3295 1033 3359 ab
1049 3315 1094 3359 eo.
1127 3294 1284 3361 simillima
1305 3301 1411 3361 autem

341 3410 415 3470 sunt
437 3422 517 3491 quae
536 3401 721 3467 Plutarchus
743 3400 883 3489 prodidit
903 3402 934 3465 ci
954 3399 1030 3465 belli
1052 3400 1261 3488 descriptioni,
1284 3422 1411 3485 quame

342 3511 442 3577 tribus
457 3510 518 3577 illis
533 3508 712 3574 auctoribus
728 3528 835 3572 cruere
858 3528 896 3571 ac
918 3504 1092 3572 Fabianam
1113 3508 1216 3573 dicere
1237 3527 1409 3596 possumus.

342 3639 416 3683 nam
437 3610 550 3682 mirum
571 3621 723 3703 quantum
745 3614 902 3680 consentit
922 3610 963 3679 de
984 3614 1193 3679 Gaesatorum
1214 3614 1339 3679 nomine
1361 3615 1410 3679 in·

341 3722 544 3812 terpretando
566 3742 635 3785 curm
658 3720 778 3798 (drusio,
801 3720 840 3785 de
861 3721 979 3803 ingenti
1000 3720 1234 3808 perturbatione
1257 3724 1290 3785 et
1310 3740 1410 3809 appa·

286 3891 287 3895 ,
343 3836 414 3895 ratu
435 3828 646 3893 Romanorum
668 3849 740 3894 cum
761 3828 913 3904 omnibus,
934 3828 975 3892 de
995 3826 1087 3892 Gallo
1110 3832 1142 3891 et
1165 3827 1266 3906 Galla,
1290 3827 1410 3893 Graeco

343 4059 554 4073 -uo—-t—-n--u-fl·

353 4193 357 4201 ,
448 4166 473 4240 f)
491 4166 545 4217 Nou
569 4161 696 4218 conciliari
722 4168 824 4232 possunt
846 4179 901 4215 cum
924 4164 1011 4217 ceteris
1035 4162 1177 4215 auctoribus
1200 4180 1265 4232 quae
1288 4164 1411 4233 Polybius

344 4254 375 4307 de
393 4258 479 4321 primis
495 4254 596 4320 proeliis
612 4254 641 4307 Is·
661 4253 767 4307 Aemilio
783 4254 857 4319 Papo
875 4252 903 4306 G.
922 4252 998 4305 Atilio
1013 4252 1113 4318 Regulo
1132 4268 1193 4305 coss.
1214 4255 1347 4307 commissis
1364 4270 1410 4306 ex-

342 4344 432 4411 posuit,
450 4347 501 4397 tum
519 4358 568 4395 non
585 4343 693 4395 secundo
717 4343 761 4395 ssd
783 4344 854 4395 tertio
872 4340 933 4393 helli
949 4358 1014 4393 cuno
1031 4342 1156 4393 Romanos
1172 4345 1241 4393 haus
1258 4342 1356 4397 Padum
1373 4342 1410 4393 le·

344 4435 429 4499 pones
442 4431 553 4501 duxisse
575 4431 655 4483 tradit.
696 4430 728 4481 ab
751 4420 802 4483 solo
826 4430 934 4498 denique
957 4428 1073 4495 Scipione
1090 4428 1193 4481 absente
1212 4429 1334 4483 Marcello
1351 4432 1411 4483 Me-

344 4520 467 4572 diolanum
489 4503 658 4589 expugnatum
681 4535 734 4591 csse
752 4516 819 4571 haud
838 4522 889 4570 scio
907 4535 939 4569 an
958 4515 1115 4584 Scipionibus
1133 4517 1247 4570 fauturus
1266 4523 1410 4575 nanauerit.

344 4613 471 4675 praeterea
484 4612 542 4677 quia
555 4610 586 4660 de
598 4609 672 4660 rebus
683 4606 782 4659 Gallicis
801 4602 989 4675 κεφαλαιωδῶς
1013 4606 1058 4672 (Π,
1078 4608 1122 4670 14)
1149 4606 1316 4659 tantummodo
1334 4621 1411 4673 agere

345 4696 394 4749 sibi
412 4701 570 4763 proposuerat
588 4696 663 4748 multa
681 4696 824 4762 perstrinxit
842 4701 885 4746 ant
906 4696 991 4747 omisit.
