3417 5567
729 652 951 719 ...33-

301 870 336 933 ot
356 864 480 933 Graeca
501 864 536 931 in
559 862 630 930 foro
657 862 765 931 boario
786 854 873 931 uiuis
891 862 1023 929 defossis
1045 884 1116 929 oum
1139 862 1227 931 Oros.
1248 870 1281 929 61
1300 863 1375 929 Zon.

302 975 351 1057 (et
371 970 472 1036 Dione
489 967 596 1038 Gmsio
611 974 746 1056 excerpt
769 969 872 1037 Voles.
897 970 964 1055 12),
987 968 1027 1035 de
1050 968 1125 1035 di1is
1141 969 1290 1057 prodigiis
1304 991 1375 1039 cum

303 1076 391 1143 Oros.
422 1082 456 1140 et
475 1076 567 1152 Zon.,
596 1074 752 1143 derebus
774 1096 794 1139 a
815 1076 970 1144 Flaminio
992 1076 1119 1143 consule
1141 1077 1241 1144 inuito
1264 1083 1376 1143 senatu

302 1202 452 1268 prospere
474 1182 569 1266 gestis
591 1181 632 1247 de
645 1182 831 1265 magistratu
852 1184 882 1249 oi
904 1182 1055 1266 abrogato
1073 1183 1232 1267 triumpho
1249 1184 1376 1252 decreto

303 1289 343 1354 de
364 1288 448 1356 bello
464 1308 485 1353 a
500 1287 650 1353 Marcello
672 1287 887 1371 redintegrato
909 1310 981 1355 cum
1003 1290 1089 1367 Zon.,
1113 1289 1153 1355 de
1176 1288 1291 1355 illustri
1310 1291 1378 1355 eius

304 1396 518 1462 uictoriacum
531 1393 736 1471 omuibusde
759 1393 945 1461 Virdomaro
968 1416 1042 1479 rego
1065 1416 1084 1461 a
1106 1395 1254 1463 Marcello
1276 1396 1379 1461 occiso

303 1524 375 1569 cum
396 1500 576 1583 Liuii'epit.
599 1500 680 1577 XX,
707 1500 849 1583 Eutrop,
873 1500 972 1578 Oros,
995 1501 1139 1569 debello
1162 1502 1203 1571 ab
1226 1502 1379 1569 ambobus

304 1607 483 1676 oonsulibus
512 1612 640 1690 peraeto
668 1617 741 1673 cum
768 1606 857 1689 Oros.
887 1612 920 1677 et
948 1608 1023 1673 Zon.
1052 1608 1207 1692 copiosius
1231 1607 1379 1675 describit

302 1716 424 1797 insigne
438 1711 631 1781 tortitudinis
646 1713 833 1796 exemplum,
857 1712 941 1797 quod
961 1714 1127 1781 Marcellus
1142 1714 1280 1781 hostimn
1301 1715 1380 1781 duce

302 1842 450 1905 perermso
483 1820 652 1903 spoliisque
685 1819 797 1908 opimis
819 1840 859 1885 ex
892 1840 929 1885 eo
963 1818 1081 1885 relatis
1100 1820 1249 1887 ediderat.
1294 1823 1380 1887 solus

303 1933 458 1997 memorat
480 1927 536 2004 111,
561 1926 602 1992 16
625 1925 803 2002 sacerdotes
824 1914 908 1993 hello
931 1926 1050 1993 Gallico
1072 1926 1225 2009 flagrante
1248 1928 1379 1995 militias

303 2035 501 2103 uacationem
534 2054 597 2098 non
630 2032 777 2101 habuisse
811 2054 851 2099 ao
884 2032 976 2112 VIII,
1014 2033 1057 2099 38
1093 2034 1248 2117 superatis
1281 2034 1379 2101 Gallis

304 2164 324 2206 6
354 2139 473 2225 praeda
513 2138 653 2221 Delphos
691 2143 725 2205 61
762 2138 893 2205 Hieroni
932 2137 1156 2225 Syracusarum
1188 2141 1255 2223 regi
1295 2140 1391 2228 dona⁴

304 2266 373 2313 esse
405 2245 509 2312 missa
565 2264 667 2328 neque
705 2266 763 2311 nos
802 2244 961 2314 offendere
996 2250 1117 2330 potest,
1155 2246 1239 2330 quod
1275 2266 1380 2330 regem

307 2351 515 2417 Gaesatorum
547 2372 568 2414 a
598 2350 748 2416 Marcello
781 2351 978 2419 interfectum
1004 2352 1190 2419 Plutarchus
1219 2352 1378 2439 Βριτόμα-

307 2482 370 2536 roo,
398 2477 505 2523 omnes
533 2463 676 2526 auctores
710 2457 843 2525 Romani
859 2457 892 2543 1)
928 2458 1146 2527 Virdomarum
1179 2466 1235 2525 aut
1268 2462 1379 2545 paulu-

307 2564 374 2629 lum
407 2562 620 2645 discrepantes
658 2562 895 2641 indonatum,
940 2563 1186 2643 Viridomarum,
1235 2566 1379 2633 Viriodu-

307 2691 431 2736 marum
457 2670 630 2736 nominant.
680 2691 755 2737 nam
782 2690 896 2738 nomen
917 2670 996 2739 illud
1017 2670 1186 2739 barbarum
1208 2693 1246 2741 ao
1269 2672 1381 2740 durum

307 2797 328 2839 a
354 2776 494 2841 Graecae
526 2776 650 2858 linguae
684 2776 814 2840 lenitate
845 2776 1017 2849 abhorrens
1046 2776 1166 2845 Graeco
1189 2779 1236 2845 on'
1258 2798 1380 2845 accom-

307 2883 471 2952 modatum
503 2882 627 2949 uidetur
659 2903 737 2950 esse.
782 2905 854 2951 cum
888 2884 950 2951 elio
983 2890 1089 2951 autom
1116 2884 1196 2951 duos
1219 2884 1381 2951 Gallorum

307 2990 511 3066 Brittomaro,
538 3009 633 3072 quem
660 2989 702 3055 ab
728 2989 862 3058 Aemilio
899 2990 1025 3059 consule
1053 2991 1172 3059 uictum
1199 3012 1267 3057 esse
1296 2991 1379 3057 solus

307 3097 420 3165 Florus
440 3096 481 3173 ll,
509 3095 532 3160 4
553 3094 701 3178 prodidit,
723 3096 927 3163 Plutarchum
948 3095 1168 3163 Virdomarum
1190 3096 1376 3174 confudisse,

308 3202 395 3287 quod
423 3202 493 3285 quis
523 3201 647 3285 opinari
673 3202 798 3285 possit,
818 3201 902 3267 credi
923 3222 987 3269 non
1008 3208 1122 3286 potest,
1147 3204 1307 3287 quianon
1329 3224 1380 3271 so·

307 3311 374 3376 lum
400 3309 434 3373 in
464 3307 545 3375 libro
574 3307 718 3391 quohoo
738 3308 808 3376 looo
830 3329 906 3374 usus
929 3314 977 3377 661
1000 3308 1054 3376 sed
1077 3309 1172 3375 etiam
1189 3298 1277 3392 apud
1301 3308 1380 3375 Var-

307 3436 425 3491 ronem,
454 3414 510 3480 ubi
535 3413 603 3481 fieri
630 3436 693 3478 non
720 3414 824 3498 potuit
851 3419 889 3481 ut
916 3414 1049 3483 duorum
1072 3414 1234 3483 Gallorum
1255 3416 1381 3483 nomina

307 3521 581 3597 confunderentm,
619 3520 703 3585 idem
731 3540 845 3588 66666
873 3520 950 3604 legit
976 3520 1028 3608 (of.
1056 3520 1139 3589 Plut.
1168 3522 1264 3591 Marc
1287 3522 1380 3600 VIII;

308 3628 433 3696 Romul.
465 3626 557 3703 XV13
592 3626 676 3691 Fest.
699 3648 729 3694 u.
753 3628 858 3710 opima
890 3627 999 3711 spolia,
1031 3648 1101 3710 pag.
1139 3630 1202 3693 186
1234 3635 1266 3698 61
1300 3650 1380 3712 quae

309 3742 421 3821 postea
442 3734 482 3799 de
502 3734 541 3799 iis
563 3734 639 3801 loeis
667 3734 881 3818 exponemus).
905 3732 1025 3817 aliquid
1039 3732 1144 3801 differt
1158 3734 1378 3801 Plutarchusa

308 3845 442 3919 Zonara,
465 3840 612 3924 quicum
633 3839 763 3923 Polybio
784 3839 826 3917 11,
850 3840 893 3905 34
926 3840 1122 3909 consentiens
1146 3840 1244 3909 Gallis
1271 3847 1380 3925 peten-

309 3951 515 4039 tibuspacem
536 3967 600 4011 non
621 3967 690 4012 esse
717 3966 897 4011 concessam
919 3944 1059 4024 tradidit,
1082 3967 1153 4011 oum
1175 3946 1251 4013 dioit
1270 3968 1379 4031 paoem
1414 4008 1418 4026 ,

310 4078 406 4140 quam
444 4054 641 4119 dissuasisset
672 4053 838 4118 Marcellus
871 4072 905 4117 re
955 4052 1081 4131 factam,
1122 4076 1141 4119 a
1185 4054 1284 4121 Gallis
1322 4076 1378 4119 au-

309 4171 375 4231 tem
395 4168 522 4248 ruptam
543 4180 619 4229 esso.
643 4159 754 4243 quodsi
768 4180 844 4225 uero
859 4159 950 4225 XXX
964 4157 1051 4227 milia
1065 4159 1274 4227 Gaesatorum
1296 4161 1381 4244 apud

417 4445 441 4511 ⁸)
460 4446 515 4496 Liu.
534 4462 573 4513 ep.
592 4446 656 4501 XX:
678 4443 742 4495 Flor.
761 4442 843 4504 11,4;
867 4442 970 4511 Eutrop.
989 4443 1037 4506 111,
1055 4444 1085 4507 6;
1109 4442 1177 4499 Oros
1196 4444 1241 4506 IV,
1262 4446 1306 4503 13:
1326 4445 1380 4496 Α6-

310 4536 354 4588 rel.
378 4536 441 4588 Vict.
465 4536 513 4593 452
539 4535 652 4600 Propert.
677 4532 721 4592 tv,
746 4534 788 4593 10,
811 4534 859 4593 41;
886 4532 956 4585 Seru.
985 4532 1017 4585 ad
1036 4533 1099 4586 Α66.
1118 4534 1163 4594 VI,
1180 4534 1244 4595 8563
1272 4534 1335 4585 Fest.
1355 4548 1379 4585 6.

311 4628 393 4692 opima
414 4625 501 4691 spolia,
520 4640 578 4690 pag.
604 4624 654 4677 186
678 4622 787 4690 (Muli),
806 4628 862 4673 eota
881 4624 995 4689 triumph.
1015 4622 1119 4690 Capitol.
1143 4626 1169 4675 16
1191 4638 1257 4690 oorp.
1276 4623 1381 4675 166661

310 4732 334 4781 p.
354 4716 414 4769 458
1066 4780 1071 4791 Ι

1156 4802 1172 4853 3
