3417 5567
324 874 358 935 et
380 866 502 935 Graeca
524 868 558 933 in
583 865 652 934 foro
679 865 787 933 boario
809 858 896 933 uiuis
913 866 1045 933 defossis
1067 888 1138 933 oum
1160 865 1249 933 Oros.
1269 873 1302 931 et
1322 866 1398 932 Zon.

325 977 373 1060 (et
394 973 494 1039 Dione
511 970 618 1041 cassio
634 978 768 1060 excerpt
792 972 894 1039 Vales.
919 974 986 1058 12),
1009 971 1050 1037 do
1072 971 1148 1039 diris
1163 972 1312 1060 prodigiis
1325 995 1398 1039 oum

326 1079 414 1147 Orus.
445 1084 478 1143 et
498 1079 590 1155 Zon.,
619 1076 659 1147 de
680 1078 774 1143 rebus
797 1098 817 1142 a
837 1078 993 1146 Flaminio
1014 1079 1142 1145 consulo
1163 1079 1264 1147 inuito
1285 1086 1398 1147 senatu

324 1206 473 1271 prospero
496 1184 591 1268 gestis
614 1184 653 1251 de
667 1186 853 1267 magistratu
875 1187 905 1251 ei
926 1185 1077 1268 abrogato
1095 1186 1254 1270 triumpho
1270 1187 1398 1254 decreto

325 1291 365 1357 ds
385 1291 470 1357 bello
487 1312 507 1355 a
523 1290 671 1355 Marcello
695 1290 910 1373 redintegrato
931 1312 1003 1359 cum
1025 1292 1111 1368 Zon.,
1135 1292 1175 1358 de
1198 1292 1313 1359 illustri
1332 1294 1400 1359 eius

327 1399 540 1465 uictoriarum
553 1395 707 1474 omnibus,
719 1396 758 1461 de
781 1397 967 1463 Virdomaro
990 1418 1064 1481 rege
1086 1420 1107 1464 a
1127 1399 1277 1466 Marcello
1298 1400 1401 1465 occiso

326 1527 398 1571 cum
419 1503 598 1586 Liuii'epit.
622 1502 702 1580 XX,
730 1503 872 1587 Eutrop,
895 1502 993 1582 Oros,
1016 1504 1057 1569 de
1079 1504 1162 1572 bello
1183 1505 1225 1573 ab
1247 1505 1401 1572 ambobus

326 1610 505 1679 consulibus
534 1614 663 1693 peracto
691 1630 763 1675 cum
791 1608 880 1675 Oros.
909 1616 942 1679 et
970 1611 1045 1676 Zon.
1074 1611 1229 1695 copiosius
1252 1611 1401 1677 describit

324 1718 446 1799 insigne
461 1714 652 1783 fortitudinis
669 1715 854 1799 exemplum,
879 1716 963 1799 quod
983 1716 1150 1783 Marcellus
1164 1716 1302 1783 hostium
1323 1718 1402 1783 duce

323 1844 472 1907 percusso
505 1822 674 1907 spoliisque
708 1821 819 1911 opimis
841 1842 881 1887 ex
914 1843 952 1887 eo
985 1821 1093 1887 relatis
1122 1822 1271 1889 ediderat.
1316 1826 1402 1891 solus

324 1936 480 1999 memorat
502 1930 558 2006 III,
583 1929 624 1995 16
648 1928 825 2005 sacerdotes
847 1917 930 1995 bello
952 1929 1072 1994 Gallico
1094 1928 1248 2012 flagrante
1269 1930 1402 1997 militiae

323 2039 523 2105 uacationem
557 2056 619 2101 non
653 2035 799 2103 habuisse
834 2056 873 2101 ao
905 2035 998 2113 VIII,
1036 2036 1080 2101 38
1115 2037 1270 2120 superatis
1302 2037 1401 2103 Gallis

324 2166 345 2209 e
376 2142 495 2227 praeda
535 2140 675 2224 Delphos
713 2145 746 2207 et
784 2141 915 2207 Hieroni
954 2140 1178 2227 Syracusarum
1210 2144 1277 2226 regi
1317 2143 1413 2231 dona*

324 2269 394 2315 esse
427 2248 531 2317 unssa
587 2268 689 2330 neque
728 2269 785 2313 nos
824 2247 983 2315 offendere
1018 2253 1138 2333 potest,
1176 2248 1262 2334 quod
1297 2269 1402 2333 regem

327 2354 537 2421 Gaesatorum
569 2374 590 2417 a
621 2353 770 2419 Marcello
804 2354 1001 2421 interfectum
1026 2354 1212 2421 Plutarchus
1241 2354 1400 2442 Βριτόμα-

326 2484 391 2538 uoo,
420 2480 527 2526 omnes
555 2466 698 2528 auctores
732 2460 865 2529 Romani
881 2460 914 2545 ⁸)
950 2460 1168 2530 Virdomarum
1201 2469 1258 2527 aut
1290 2464 1402 2547 pardu-

326 2566 395 2633 lum
429 2564 641 2648 discrepantes
681 2565 917 2644 virdumarum,
962 2567 1208 2647 Viridomarum‚
1258 2568 1401 2635 Viriodu-

326 2694 452 2739 marum
480 2673 652 2739 somnino.
702 2694 777 2739 uam
804 2694 919 2739 nomen
939 2673 1018 2741 illud
1039 2674 1209 2741 barbarum
1230 2696 1269 2743 ac
1291 2675 1403 2743 durum

299 2800 350 2846 ,a
376 2778 515 2843 Graecae
548 2778 672 2861 linguae
706 2778 836 2843 lenitate
868 2778 1039 2850 abhorrens
1068 2778 1189 2846 Graeco
1211 2782 1259 2847 orl
1279 2802 1402 2847 accom-

326 2886 492 2953 modatum
525 2884 649 2951 uidetur
682 2906 759 2951 esse.
805 2908 877 2953 oum
910 2886 973 2953 alio
1005 2893 1111 2953 autem
1138 2886 1218 2954 duce
1241 2886 1403 2954 Gallorum

326 2993 533 3069 Brittomaro,
560 3012 654 3075 quem
683 2992 724 3057 ab
751 2992 885 3059 Aemilio
921 2993 1047 3061 consule
1075 2994 1194 3061 uictum
1221 3014 1288 3062 esse
1317 2994 1401 3059 solus

326 3100 441 3167 Florus
462 3098 504 3175 H,
532 3098 554 3163 4
575 3098 723 3181 prodidit,
746 3098 949 3166 Plutarchum
969 3098 1190 3167 Virdomarum
1211 3098 1398 3176 confudisse,

327 3205 415 3289 quod
445 3205 515 3288 qiris
546 3205 669 3287 opinari
696 3205 819 3287 possit,
840 3204 924 3269 credi
945 3226 1009 3270 uon
1030 3211 1144 3289 potest,
1169 3207 1246 3289 quia
1265 3227 1329 3272 non
1350 3228 1402 3272 so-

326 3314 395 3379 lum
422 3313 456 3377 in
486 3310 567 3377 libre
596 3331 658 3393 quo
680 3310 739 3377 hoc
761 3311 830 3377 loco
852 3332 928 3377 usus
951 3317 1000 3378 est
1021 3311 1076 3378 sed
1099 3312 1194 3377 etiam
1210 3302 1299 3395 'apud
1322 3311 1402 3377 Var-

325 3440 448 3495 ronem,
476 3417 531 3483 ubi
558 3416 625 3483 fieri
652 3438 715 3481 non
743 3417 846 3501 potuit
874 3423 911 3483 ut
938 3416 1071 3484 duorum
1094 3417 1256 3485 eanomm
1277 3419 1431 3506 uomina¹

326 3524 603 3599 confunderentur,
642 3522 725 3589 idem
753 3544 867 3591 nomen
895 3523 972 3607 legit
997 3523 1051 3609 (cf.
1073 3515 1162 3592 *Plut
1191 3525 1286 3591 Maro
1309 3525 1402 3602 VIII;

326 3630 454 3699 Romul.
488 3628 579 3706 XV13
614 3628 698 3695 Fest.
722 3650 751 3695 u.
775 3630 880 3713 opima
912 3629 1021 3713 spolia,
1053 3650 1123 3713 pag.
1161 3632 1224 3696 186
1256 3638 1289 3702 et
1322 3653 1402 3714 quae

327 3745 442 3825 postea
464 3736 504 3802 de
525 3737 563 3803 iis
585 3736 661 3802 locis
690 3737 904 3820 exponemus).
927 3735 1047 3819 aliquid
1061 3735 1166 3803 differt
1179 3737 1365 3803 Plutarchus
1379 3760 1401 3803 a

326 3848 464 3921 Zonara,
487 3843 634 3927 quicum
655 3842 785 3925 Polybio
806 3842 849 3920 11,
872 3842 915 3907 34
949 3842 1144 3911 consentiens
1168 3842 1266 3909 Gallis
1293 3850 1403 3927 peten-

326 3954 537 4043 tibuspacem
559 3970 622 4015 non
644 3969 712 4013 esse
740 3968 920 4014 concessam
941 3946 1081 4026 tradidit,
1104 3970 1174 4013 cum
1197 3949 1272 4015 dicit
1292 3971 1401 4034 pacem
1436 4012 1440 4028 ,

328 4080 427 4143 quam
466 4056 662 4121 dissuasisset
696 4056 861 4121 Marcellus
893 4075 927 4119 re
976 4054 1103 4132 factam,
1143 4078 1163 4121 a
1207 4056 1306 4121 Gallis
1344 4079 1401 4123 au-

326 4174 396 4234 tem
417 4170 544 4251 ruptam
566 4182 642 4231 esse.
666 4162 776 4246 quodsi
791 4182 867 4227 uero
882 4162 972 4227 XXX
986 4162 1074 4229 milia
1087 4161 1296 4256 Geesatorum
1317 4164 1403 4248 apud

439 4448 463 4513 ·)
482 4448 538 4499 Liu,
557 4464 595 4515 ep.
613 4448 678 4503 XX:
701 4446 764 4498 Flor.
783 4444 818 4505 11,
836 4447 866 4506 4;
890 4445 992 4512 Eutrop.
1011 4445 1059 4508 111,
1077 4447 1107 4509 6;
1131 4444 1199 4501 Oros.
1218 4447 1263 4508 IV,
1284 4449 1328 4506 13:
1348 4448 1401 4500 Au-

328 4540 373 4593 rel.
399 4538 463 4590 Vict.
488 4538 535 4595 45;
562 4538 675 4603 Propert.
699 4536 743 4595 IV,
769 4536 810 4595 10,
834 4536 881 4595 413
908 4534 978 4588 Seru.
1007 4534 1040 4587 ud
1058 4535 1121 4589 Aen
1140 4536 1185 4596 VI,
1201 4536 1266 4596 8563
1294 4538 1357 4588 Fest.
1376 4550 1401 4588 u.
1472 4555 1474 4559 ’

329 4632 416 4695 opima
437 4627 524 4694 spolia,
543 4642 600 4693 pag.
627 4627 677 4679 186
701 4624 809 4692 (Multa
829 4630 885 4675 acta
902 4626 1017 4692 triumph.
1037 4624 1142 4693 Capitol.
1165 4630 1191 4678 in
1213 4640 1280 4692 corp.
1298 4629 1370 4678 inser.
1388 4626 1403 4677 1

328 4736 354 4785 p.
374 4720 436 4773 458.
1089 4784 1093 4793 Ι

1179 4806 1195 4857 3
