3417 5567
437 1571 723 1688 Transeamus-ad*
736 1618 835 1686 uicum
851 1620 1006 1689 Marcelli
1050 1641 1087 1689 ac
1108 1632 1179 1687 curn
1198 1572 1400 1690 Plutarchum

327 1729 362 1793 iu
384 1724 595 1793 describendis
616 1725 691 1792 uitis
712 1744 820 1814 eorum
841 1727 990 1805 urimrum,
1013 1726 1153 1810 qui-nnn
1173 1726 1267 1795 modo
1275 1738 1278 1743 ''
1287 1726 1399 1797 iisdem
1503 1734 1505 1741 '

325 1832 521 1918 temporibus
550 1832 696 1904 morunt
727 1830 784 1899 scd
810 1832 907 1900 susm
926 1832 1038 1901 iisdem
1060 1832 1151 1902 bellis
1181 1832 1399 1910 interfueram,
1493 1828 1495 1833 ’

326 1940 383 2023 qui
395 1960 453 2023 per
464 1935 692 2007 multosaunoc
714 1942 772 2004 ant
791 1938 903 2005 eodem
924 1943 1142 2023 temporaaut
1163 1939 1292 2007 citernis
1307 1961 1398 2007 vuam-

325 2044 605 2129 mumimpen'um
631 2042 823 2128 reipublicae
855 2044 1000 2123 maximis
1018 2045 1174 2129 perionis
1203 2056 1330 2129 pressae
1363 2066 1400 2115 ac

324 2152 519 2242 muiaamis
548 2150 693 2221 aduae
711 2161 886 2219 concussae
914 2149 1175 2219 administram
1204 2154 1240 2218 ct
1268 2172 1401 2234 quorum

326 2258 458 2325 consiliu
480 2278 520 2323 uc
538 2257 624 2323 facta
644 2256 678 2321 in
699 2254 898 2349 reprimendo
907 2256 1328 2340 'Hannibulc'nonnunquam
1348 2277 1400 2323 cr-

327 2365 448 2446 tissirpe
478 2364 561 2432 inter
593 2383 627 2429 se
661 2362 879 2439 cohaerebant
912 2362 1023 2429 iisdem
1040 2360 1191 2431 x,fontibus
1218 2384 1311 2431 usum
1332 2382 1399 2431 esse

213 2526 225 2538 ,
328 2470 481 2554 suspicari
507 2468 673 2553 possimus,
699 2467 788 2537 nulia
813 2467 935 2535 ratione
962 2468 1077 2537 habita
1099 2474 1261 2539 auctomm
1283 2490 1303 2535 a
1324 2469 1399 2538 Plu·

328 2575 439 2643 tarcho
472 2574 671 2641 uudaumn
694 2573 833 2641 ‘candem
858 2594 961 2657 quam
994 2579 1091 2644 uua
1116 2574 1286 2642 intumus
1303 2589 1399 2658 urgu-

327 2680 491 2749 morundi
529 2681 615 2747 niam
649 2697 884 2767 persequamur.
938 2692 1042 2764 acque
1080 2685 1278 2749 uerutanta
1310 2679 1400 2753 aab&

238 2839 242 2847 .
327 2786 471 2856 fflhsidia
495 2791 621 2871 praesto
648 2791 873 2869 auctorante
900 2806 1003 2870 supra.
1023 2785 1292 2870 suppeditabant
1310 2788 1400 2859 uam

328 2914 404 2961 cum
422 2892 544 2977 Polybii
565 2891 699 2958 historia
719 2892 827 2975 paucis
843 2892 980 2976 exceptis
1001 2892 1183 2975 fragmentis
1205 2913 1272 2961 non*
1291 2912 1399 2977 sapor

327 3005 394 3066 stoa
422 2998 473 3076 sit,
500 2997 664 3083 Appianas
691 3003 726 3063 et
756 2998 893 3066 Zonaras
916 2998 1071 3068 de'rcbus
1093 3020 1114 3063 a
1134 2998 1284 3071 Muteno
1303 3001 1399 3085 gesac

327 3111 421 3173 tanta
446 3104 603 3173 breuitate
619 3106 758 3188 egerint,
786 3110 824 3172 ut
852 3104 918 3173 iore
940 3104 1043 3176 nullus
1066 3105 1184 3173 &uuus
1207 3126 1247 3173 cx
1267 3106 1398 3203 iisupor-
1508 3173 1509 3182 ,

327 3214 391 3297 cipi
411 3212 521 3296 possit,
543 3224 643 3295 propo
665 3211 749 3280 solus
771 3212 880 3280 Liuius
901 3217 1009 3279 restat.
1024 3260 1038 3269 ..
1057 3234 1099 3277 ac
1118 3226 1158 3279 ne'
1180 3234 1251 3283 oum
1272 3214 1399 3299 quidem

327 3320 444 3403 ubique
475 3339 656 3403 comparare
685 3320 771 3397 ficet,
789 3320 878 3403 ¹quic
907 3318 987 3387 liber
1013 3319 1176 3389 tricesimus
1199 3320 1399 3404 quotossum

327 3431 438 3495 eontra
464 3425 611 3493 Insubres
637 3430 759 3508 gestum
789 3424 1109 3509 comprehendebatur
1130 3446 1194 3495 nou
1216 3428 1289 3498 aaut
1311 3434 1398 3495 acta-

326 3540 399 3601 tem.
445 3554 527 3617 quae
554 3554 626 3601 cum
652 3534 701 3599 ite
721 3534 785 3599 sint
806 3554 998 3617 quamquam
1019 3533 1120 3601 minus
1143 3539 1228 3601 certe
1249 3555 1346 3618 quum
1365 3536 1398 3599 in

327 3642 395 3709 uu
421 3639 512 3707 Fabii
539 3638 670 3707 Maximi
696 3639 737 3707 dc
764 3639 924 3705 Plutarchi
951 3638 1089 3707 fontibus
1117 3642 1216 3710 conici
1248 3662 1339 3725 possa
1366 3642 1418 3709 iu-

327 3753 437 3833 apcrto
466 3753 531 3825 est,
565 3753 673 3815 tamon
700 3769 764 3813 non
790 3748 913 3815 irritcrn
930 3748 1209 3832 comparationem
1236 3753 1398 3817 ausuum

326 3855 383 3939 qui
404 3859 570 3938 supersunt
591 3854 658 3919 iore
681 3854 905 3921 ononimus.
1292 3872 1295 3881 ’

431 3961 603 4043 Postquam
635 3958 821 4025 Plutarchus
852 3960 886 4025 in
916 3960 1024 4044 primis
1058 3958 1213 4044 capitibus
1246 3958 1326 4023 dixit
1359 3959 1397 4023 de

326 4086 438 4151 genere
468 4071 501 4132 ct
534 4066 670 4132 moribus
701 4065 850 4143 Marcelli,
884 4086 951 4150 cap.
985 4065 1157 4131 III-VIII
1183 4065 1298 4146 bellurn
1327 4087 1398 4131 cum

327 4173 427 4241 Gallis
449 4172 491 4239 ah
513 4193 596 4241 anno
622 4171 688 4239 225
709 4192 810 4256 usquc
830 4170 873 4238 ad
894 4192 1012 4243 aunum
1033 4172 1098 4239 222
1121 4177 1241 4255 gestum
1263 4178 1396 4249 enarrat.

326 4278 367 4343 de
387 4277 498 4345 eodem
519 4275 602 4343 bello
625 4282 723 4361 ugrrnt
743 4276 892 4362 Polybius
912 4276 953 4355 II,
976 4276 1124 4353 23—·34;
1152 4277 1290 4345 Zonaras
1312 4276 1397 4355 VIII,

326 4385 378 4448 20.
424 4382 509 4468 quod
529 4383 612 4447 Liuii
633 4382 708 4448 belli
735 4380 873 4447 narratio
896 4382 1015 4459 interiit
1036 4380 1129 4446 uuida
1142 4387 1199 4447 cst
1220 4380 1396 4448 dolendrnn.

326 4510 422 4573 quam
447 4488 593 4555 lacunam
621 4489 729 4572 aliqua
757 4509 796 4555 ex
822 4492 914 4572 purte
943 4484 1069 4573 explent
1091 4486 1262 4572 Eutropius
1283 4488 1341 4566 HI,
1363 4488 1395 4564 5,

327 4596 346 4664 6
370 4601 403 4661 et
425 4594 554 4661 Orosius
576 4595 632 4673 IV,
648 4596 700 4673 13,
723 4617 801 4679 quos
822 4594 986 4661 historiam
1008 4593 1091 4661 Liuii
1113 4594 1302 4679 excerpsisse
1324 4614 1396 4658 cum

326 4700 379 4766 ubi
405 4702 508 4785 ipsum
536 4700 662 4768 Liuium
690 4720 874 4784 comparare
899 4700 973 4767 licet
1000 4698 1178 4765 certisumis
1207 4700 1396 4783 argumentis
