3417 5567
746 644 966 709 -26-

321 853 464 937 scriptori
494 851 631 931 crudam,
659 874 752 942 quem
779 855 813 921 in
841 854 902 921 hae
927 855 1128 921 hhtouarum
1152 861 1245 941 parte
1270 856 1391 941 praeci-

320 983 416 1046 puum
438 965 597 1029 auctorem
618 958 729 1027 habuit
751 965 784 1027 et
804 982 900 1049 quem
912 961 1089 1046 Appianum
1110 962 1227 1049 (Ham
1244 963 1390 1049 17-25)

320 1074 354 1135 et
380 1069 538 1135 Zonaram·
567 1066 639 1154 (lX,
668 1068 702 1152 1)
730 1072 804 1133 ants
832 1067 941 1133 oculos
965 1067 1111 1134 mhuisse
1132 1069 1283 1153 suspicari
1307 1070 1391 1149 licet,

320 1175 394 1262 quia
421 1172 543 1242 suomi
570 1192 620 1239 res
648 1166 808 1257 memores
827 1173 1112 1256 praetermittentes
1133 1180 1190 1240 ant
1209 1182 1391 1260 perconten-

320 1284 367 1347 tce
388 1268 534 1347 mirificas
556 1284 663 1347 sutem
683 1278 806 1345 fabulas
828 1278 999 1345 affidentes
1018 1279 1144 1364 saepius
1164 1301 1274 1347 ueram
1294 1281 1391 1349 fonds

320 1387 368 1453 sui
394 1385 615 1475 narrationem¹
636 1384 892 1469 deprauauenmt
924 1391 1031 1455 umen
1062 1386 1245 1475 perumque
1276 1388 1318 1455 de
1351 1390 1391 1455 iis

320 1512 401 1582 quae
422 1492 531 1559 Liuius
552 1490 643 1559 aliter
663 1497 760 1580 utque
780 1491 928 1577 Polybius
949 1493 1093 1558 narrauit
1110 1513 1182 1559 cum
1203 1494 1294 1562 Liuio
1316 1517 1391 1562 con·

242 1595 245 1603 ’
320 1600 467 1695 sentiunt.
510 1599 618 1686 itaque
638 1598 689 1664 bic
718 1604 828 1667 auctor
849 1599 927 1687 quin
947 1598 1064 1664 Fabius
1084 1598 1191 1665 Pictor
1211 1600 1307 1666 fucrit
1327 1623 1391 1675 non

320 1704 450 1772 dubium
471 1703 563 1771 nobis
583 1704 710 1772 uidetur
730 1727 806 1773 esse.
823 1743 867 1757 -·
882 1706 931 1775 bis
954 1707 1105 1791 expositis
1125 1706 1169 1773 ad
1189 1707 1391 1776 Plutarchum

320 1814 458 1881 annuum
485 1818 717 1888 annueramus„
762 1834 801 1881 ac
826 1832 910 1901 quae
938 1813 1051 1884 Liuius
1076 1813 1240 1898 Polybium
1265 1820 1391 1882 secutus

320 1920 504 2005 explicuisse
531 1919 666 1997 rudetun
695 1939 803 1986 eorum
830 1919 908 1991 uilril
930 1919 1014 2004 apud
1035 1919 1238 1987 Plutarchum
1258 1921 1390 2000 muenia,

320 2050 391 2095 cum
412 2028 450 2093 iis
473 2032 579 2096 autem
593 2048 675 2115 quae
691 2048 708 2092 e
723 2026 822 2093 Fabio
843 2027 950 2111 hausit
971 2027 1169 2094 Liuius'sere
1189 2027 1294 2093 omnia
1308 2048 1390 2116 quae

319 2134 446 2201 exbibet
472 2133 659 2199 Plutarchus
686 2133 863 2226 concinunt,
881 2136 915 2198 et
942 2134 1130 2218 conspirant.
1186 2134 1315 2218 <ligurum
1342 2141 1391 2201 est

319 2244 563 2307 commemoratu
590 2238 792 2305 Plutarchum
814 2238 853 2303 de
875 2258 913 2304 eo
935 2239 1013 2323 ipsa
1035 2260 1097 2327 quo
1120 2239 1245 2305 Liuium
1265 2244 1391 2323 praeter

319 2346 483 2432 Polybium
516 2345 666 2411 alterum:
682 2344 800 2411 iontem
832 2344 978 2411 habuisse
1012 2345 1178 2423 minuitur,
1206 2366 1279 2411 cum
1299 2344 1390 2411 Liuio

320 2452 494 2521 consentire
520 2450 704 2517 ronanam
737 2451 783 2515 ita
810 2470 929 2515 cornua
944 2498 947 2508 .
961 2449 1171 2515 Harmibalem
1203 2450 1389 2528 extendisse,

319 2568 357 2627 ut
376 2560 421 2625 ab
439 2565 528 2641 tcrgo
549 2557 655 2622 hostes
677 2557 974 2622 circumuenireutur
992 2555 1056 2643 (Pl
1078 2556 1162 2634 XVI,
1186 2556 1252 2642 15).
1274 2562 1388 2623 amte-

319 2686 409 2751 gcma
430 2683 506 2728 uero
528 2661 721 2738 Hannibalis,
745 2661 830 2749 quod
852 2660 1009 2749 quomodo
1031 2667 1192 2744 peractum
1213 2663 1290 2742 site
1307 2663 1389 2729 Liuii

320 2772 452 2839 obscura
478 2773 510 2833 et
537 2769 686 2852 perplexa
714 2768 893 2834 narratione
921 2789 984 2833 uon
1012 2769 1224 2853 cognoscitur,
1252 2770 1390 2835 breuiter

320 2885 353 2945 et
374 2875 508 2943 dilucide
535 2876 632 2944 oculis
659 2875 772 2941 subicit
802 2874 1001 2958 Plutarchus,
1030 2880 1067 2939 ut
1093 2875 1217 2953 Liuium
1243 2877 1309 2941 eius
1331 2898 1388 2941 au-

320 2992 438 3053 ctorem
470 2982 565 3047 fuisse
597 2981 727 3064 cogitari
759 2981 814 3057 trix
847 2981 956 3065 possit
1006 2980 1389 3049 iamuemmirumest

321 3090 522 3159 Plutarchum
536 3088 697 3173 puluerem
710 3109 787 3171 prae
803 3088 916 3153 ceteris
933 3085 1112 3153 turbauisss
1123 3088 1281 3154 Romanos
1303 3108 1387 3153 corn-

320 3197 554 3273 memorauisse‚
586 3203 657 3260 cum
685 3194 792 3260 Lirrins
821 3194 1011 3259 mentionem
1037 3192 1164 3281 quidem
1190 3194 1267 3259 facit
1293 3195 1389 3271 uenti,

1418 1458 1423 1463 '

321 3304 391 3391 sed¹
405 3304 504 3371 multo
531 3302 681 3369 maiorem
703 3307 839 3385 stragem
860 3302 1071 3366 Romanorum
1093 3298 1230 3367 effecisse
1252 3300 1389 3365 transtu
1452 3294 1457 3304 ’

321 3434 375 3497 gas
402 3408 554 3477 Numidas
583 3409 809 3477 existimauisse
830 3408 963 3475 uidetur.
1008 3409 1115 3497 itaque
1137 3409 1191 3496 qui
1213 3407 1294 3473 Liuii
1315 3427 1389 3473 nar-

321 3519 474 3586 rationem
501 3516 704 3599 exoerpsisset
737 3514 841 3606 potius
870 3515 958 3581 illam
984 3514 1126 3583 fraudem
1157 3514 1268 3598 opinor
1295 3534 1390 3601 quam

321 3626 386 3690 uim
413 3610 506 3687 uenti
525 3620 778 3705 praedicauissct
823 3620 1052 3685 consentientes
1074 3638 1150 3685 uero
1172 3640 1244 3685 cum
1263 3618 1389 3684 Plutar-

321 3731 379 3797 cho
401 3730 496 3795 etiam
518 3726 680 3811 Appianus
702 3731 734 3790 et
755 3726 893 3791 Zonaras
915 3724 1143 3789 uehementiam
1164 3725 1301 3809 pulueris
1321 3745 1389 3790 ma·

321 3837 394 3901 ioris
420 3834 569 3899 momenti
596 3854 691 3921 quam
718 3839 837 3899 ceteros
865 3831 954 3898 dolos
977 3830 1162 3898 Hannibalis
1185 3854 1262 3921 quos
1284 3832 1388 3920 plures

320 3946 502 4007 enumerant
523 3940 703 4005 aestimasse
726 3938 880 4005 nudentur.
925 3938 1046 4005 nullum
1063 3937 1196 4027 denique
1223 3937 1389 4023 uestigium

320 4047 405 4132 apud
437 4046 561 4111 Limum
593 4046 727 4113 ocormit
758 4045 941 4123 uerborum,
976 4066 1059 4132 quac
1086 4044 1273 4112 Plutarchus
1300 4044 1389 4133 (XV)

320 4152 529 4218 Hannibalem
558 4150 685 4234 Gisgoni
715 4150 869 4216 dicentem
895 4150 980 4216 facit.
1029 4150 1172 4217 uidemus
1198 4150 1295 4232 igitur
1321 4170 1389 4215 esse

321 4258 434 4347 quihus
456 4278 531 4323 num
553 4256 660 4323 Liuius
682 4258 752 4322 fons
773 4256 933 4322 Plutarchi
955 4255 1065 4321 haberi
1085 4256 1186 4339 possit
1205 4256 1239 4320 in
1261 4254 1389 4321 dubium

320 4368 459 4440 uocetur,
482 4362 559 4428 nihil
582 4384 657 4428 uero
672 4362 796 4429 obstare
812 4358 977 4449 'quominus
999 4358 1132 4427 Fabium
1153 4358 1309 4426 Pictorem
1331 4359 1388 4425 du-

320 4489 387 4535 cem
414 4468 508 4535 fuisse
535 4468 696 4537 Plutarchi
722 4490 885 4554 ponamus.
936 4466 992 4533 sed
1016 4472 1116 4533 restat
1142 4467 1270 4554 insignis
1293 4466 1388 4545 locus,

320 4596 413 4663 quem
452 4576 626 4664 quaestioni
659 4580 784 4643 nostrae
817 4574 919 4643 lucem
950 4573 1089 4661 aliquam
1117 4573 1287 4639 allabrrum
1320 4593 1390 4641 esse

320 4702 487 4766 speramus.
532 4704 604 4747 nam
637 4687 803 4772 postquam
829 4680 1015 4746 Plutarchus
1043 4700 1143 4771 aeque
1165 4701 1203 4745 ac
1223 4679 1333 4745 Lirrius
1355 4686 1388 4743 et
