3417 5567
742 645 962 713 ...μμ

314 858 368 929 λαὶ
388 859 486 927 ταῦτα
508 854 570 941 μὲν
591 853 612 925 ὅ
630 856 751 943 Λίβιός
772 876 873 949 φησιν
891 858 1139 943 ἀναγνωσθέντα
1160 857 1199 926 sd
1220 858 1391 947 reintrare

315 961 359 1055 μὴ
386 965 443 1054 τῆς
468 962 576 1053 λύπης
601 962 749 1049 ἀφελεῖν,
779 961 863 1033 ἀλλὰ
894 966 938 1053 τῷ
959 962 1055 1053 φόβῳ
1086 970 1297 1052 προσθεῖναι,
1327 968 1395 1034 τῶν·

269 1084 273 1092 “
315 1066 483 1153 Ῥωμαίων
510 1076 624 1153 μεῖζον
647 1065 834 1159 ἡγουμένων
862 1073 918 1138 rod
945 1069 1109 1155 reymerus
1138 1069 1177 1139 τό
1208 1070 1389 1141 κινδυνευό-

315 1198 413 1259 μενον
439 1172 504 1262 ὅσῳ
536 1176 702 1260 Φουλβίου
728 1179 876 1261 κρείττων
901 1159 942 1267 ἦν
969 1174 1169 1264 Μάρκελλος.
1214 1183 1312 1265 atque
1336 1198 1389 1250 re-

315 1282 418 1371 spexit
450 1281 635 1349 Plutarchus
664 1281 706 1350 ad
724 1282 823 1349 ,niun
846 1284 951 1358 lenum
987 1284 1109 1361 XXVII,
1131 1286 1172 1350 2:
1201 1285 1389 1362 ‚Mareellus

273 1408 276 1415 ·
315 1390 393 1457 nihil
420 1386 590 1456 admodum
611 1392 702 1455 tanta
724 1386 813 1455 dade
835 1389 964 1455 territus
984 1389 1097 1455 litteris
1119 1390 1253 1457 Romam
1273 1392 1315 1457 ad
1337 1412 1387 1459 se-

315 1501 436 1565 natum·
448 1494 488 1561 de
501 1492 587 1563 duee
620 1500 654 1561 et
683 1496 823 1562 exercitu
843 1495 886 1561 ad
906 1495 1106 1562 Herdoneam
1126 1498 1241 1565 amisso
1259 1498 1388 1565 scribit:

315 1608 454 1670 osterum
481 1600 615 1669 eundem
643 1621 686 1679 se,
703 1602 773 1689 uui:
785 1608 859 1689 pest
880 1601 1074 1672 Cannensem
1095 1624 1234 1691 pugnam
1253 1605 1390 1673 ieronem

314 1709 447 1777 meuse
461 1707 672 1777 Hannibalem
687 1709 890 1786 contudisset,
912 1711 959 1776 ire
973 1710 1125 1776 aduersus
1157 1732 1238 1789 eum,
1261 1712 1389 1781 breuem

314 1815 361 1883 illi
382 1815 633 1902 laetitiamque
663 1815 809 1893 exsultet,
836 1816 1002 1881 lemurum
1053 1829 1088 1882 et
1108 1822 1233 1883 Romae
1256 1822 1390 1901 quim

317 1930 391 1989 cnm
414 1927 667 2001 incruentum
691 1944 739 1987 eu·
756 1930 948 2003 praeterito
960 1934 1032 1987 tum
1055 1930 1156 1988 timor
1177 1930 1213 1989 iu
1232 1928 1389 2004 naturum
1452 1993 1456 2002 ,

317 2037 422 2095 erut.“
452 2026 541 2093 uides
562 2033 834 2114 panrmseamate
856 2028 1060 2095 Pluturuhum
1083 2022 1273 2095 sententiam
1292 2051 1388 2117 quam

316 2132 444 2201 exhibet
463 2132 579 2199 vLiuius
607 2133 796 2221 expressisse
821 2139 917 2221 atque
943 2134 1064 2200 timoris
1092 2154 1220 2201 oausam
1251 2136 1298 2201 ita
1331 2156 1388 2202 an·

191 2298 195 2308 .
316 2240 469 2317 nexuisse,
491 2244 528 2307 ut
544 2238 628 2305 Liuii
639 2260 708 2305 esse
718 2239 873 2317 uiduus,
891 2260 1081 2327 quamquem
1088 2240 1211 2307 nudum
1222 2241 1289 2307 eius
1303 2241 1389 2328 apud

316 2347 449 2415 Limum.
468 2350 518 2413 est
539 2347 718 2429 uestigium.
745 2346 802 2411 tali
823 2345 945 2413 mentia
967 2366 1041 2412 eum
1061 2367 1154 2413 usum
1173 2368 1241 2413 esse
1262 2347 1295 2413 in
1315 2347 1389 2413 red·-

316 2453 426 2520 dendis
456 2453 590 2519 alionum
622 2458 786 2517 suetorum
817 2452 895 2518 loeis
923 2451 983 2518 ubi
1014 2451 1058 2519 ad
1087 2452 1172 2536 ipsos
1204 2453 1389 2524 nominatim

316 2562 468 2645 meuooat
493 2559 608 2625 mhum
636 2565 696 2625 est·
744 2559 839 2625 etiam
867 2558 968 2641 magis
995 2563 1102 2625 autam
1129 2564 1177 2625 est
1198 2560 1312 2627 mirum
1333 2567 1389 2628 aut

317 2667 448 2751 cogitari
477 2666 532 2731 uix
564 2670 669 2749 potest
701 2684 772 2731 eum
800 2668 942 2731 nostrum
970 2664 1076 2729 loeum
1103 2669 1170 2734 tum
1190 2665 1389 2748 neglegenter

316 2772 499 2851 reddidisse,
521 2772 552 2837 si·
569 2772 694 2837 Liuium
714 2772 748 2836 in
770 2776 839 2837 tota
858 2790 965 2837 rerum
986 2770 1165 2838 narratione
1184 2773 1388 2857 praecipuum

317 2884 476 2949 suetorum
501 2879 662 2945 habuisset
690 2899 728 2943 ao
743 2877 948 2962 ¹pedetentim
979 2883 1014 2942 et
1044 2883 1111 2948 tam
1132 2884 1278 2945 amurate
1297 2900 1388 2947 seeu-

315 2996 368 3055 tus
396 2992 487 3054 esset.
535 2986 637 3052 multo
665 3006 742 3051 sana
763 2986 831 3051 ueri
853 2985 983 3055 similius
1008 2989 1057 3050 est
1075 2985 1281 3051 Plutaruhum
1300 2986 1388 3055 illam

316 3096 399 3164 Liuii
431 3092 620 3161 sententiam
652 3112 691 3159 ex
723 3093 873 3158 memoria
905 3091 1065 3169 amisse,
1098 3085 1179 3157 sieut
1201 3096 1295 3158 antea
1316 3112 1388 3159 enm

317 3201 417 3267 simile
449 3200 598 3265 iudicium
630 3199 712 3264 Liuii
746 3204 809 3267 non
842 3200 945 3265 minus
981 3199 1180 3285 neglegenter
1216 3200 1389 3267 narrationi

318 3330 393 3375 suae
427 3307 577 3373 adiecisse
610 3306 760 3375 euioimus
792 3310 824 3370 et
857 3312 931 3371 mox
958 3326 1031 3371 enm
1051 3305 1121 3389 ipso
1142 3304 1234 3371 Liuio
1254 3326 1321 3372 non
1340 3305 1388 3372 in·

318 3420 425 3500 specto
453 3415 486 3479 in
513 3434 650 3483 errorem
678 3414 732 3497 qui
755 3413 897 3478 excusari
919 3435 984 3478 non
1005 3419 1110 3497 petest
1131 3412 1279 3479 incidisse
1300 3412 1388 3480 uide·
1500 3452 1504 3467 ·

318 3523 421 3589 bimus
449 3523 560 3608 (XXX,
590 3520 658 3605 20).
702 3520 749 3585 ite
770 3524 877 3585 eutem
899 3520 927 3584 si
948 3520 1124 3597 statuimur,
1147 3525 1389 3585 consentaneum

318 3633 367 3694 est
393 3633 566 3693 ceterarum
593 3648 698 3694 renum
724 3632 923 3693 nematmum
949 3627 1069 3692 ioniam
1096 3648 1159 3693 uon
1187 3627 1312 3693 Liuium
1333 3626 1390 3692 sed

319 3735 416 3799 alium
429 3740 589 3799 auctorem
605 3735 710 3799 fluisse.
734 3732 952 3799 similitudines
961 3755 1037 3799 uero
1059 3754 1140 3817 quae
1160 3734 1244 3797 inter
1265 3732 1389 3797 Liuium

319 3846 352 3905 et
384 3839 587 3904 Plutarehum
618 3840 816 3907 mtereedunt
847 3839 942 3904 etium
970 3860 988 3904 e
1015 3840 1171 3905 communi
1193 3838 1235 3903 ab
1256 3844 1389 3921 unoque

319 3945 484 4029 diligenter
509 3952 662 4031 usm‘puto
689 3946 776 4011 fonte
804 3964 896 4029 posse
919 3949 1005 4011 ortua
1027 3966 1094 4011 esse
1116 3966 1209 4011 nemo
1231 3966 1294 4011 non
1316 3966 1390 4011 eon-
1436 3964 1441 3972 ·

320 4052 419 4117 sedet
463 4050 519 4115 ssd
547 4058 621 4117 sunt
648 4053 744 4117 etiam
772 4052 887 4135 quibus
914 4050 1046 4135 suspitio
1069 4073 1164 4135 quam
1186 4052 1390 4117 excitauimus

320 4163 478 4241 augeatur.
524 4178 562 4221 aa
589 4158 724 4241 primum
746 4178 827 4241 quse
849 4156 1036 4223 Plutarchus
1058 4163 1131 4241 post
1152 4157 1297 4223 aoerbam
1319 4178 1390 4223 ora-

320 4263 447 4341 tionem,
475 4284 538 4346 qua
566 4264 732 4330 Marcellus
759 4265 873 4329 milites
901 4264 1001 4329 altero
1030 4264 1134 4328 disin
1156 4264 1262 4347 fugam
1283 4285 1391 4329 uersos

320 4368 521 4451 corripuerat,
540 4370 597 4435 sub
605 4370 699 4436 finem
714 4390 781 4455 eap.
797 4369 888 4435 XXV
916 4368 1057 4435 exhibete
1080 4371 1112 4436 δί
1131 4365 1152 4436 ἃ
1174 4372 1303 4436 πολλῶν
1324 4367 1391 4437 ἀπὸ

319 4477 373 4567 τῆς
395 4473 502 4565 μάχης
524 4474 728 4553 ἐπικινδύνως
750 4478 802 4543 καὶ
825 4474 971 4565 πωνήρως
995 4472 1133 4557 ἐχόντων
1155 4474 1272 4541 οὐδένα
1295 4475 1391 4560 φασὶν

321 4575 358 4649 tv
380 4584 412 4649 ot
427 4583 619 4665 Μαρκέλλου
636 4568 730 4667 ’λόγον
751 4584 812 4649 ταῖν
827 4577 1012 4667 τραυμάτων
1028 4578 1102 4663 οὐχὶ
1115 4583 1239 4665 μᾶλλον
1253 4576 1391 4671 ἤλγυναν

322 4709 384 4751 non
399 4688 538 4751 inuenies
562 4688 645 4770 apud
668 4687 801 4753 Liuium.
848 4686 960 4754 deinde
981 4685 1209 4771 discrepantiae
1236 4686 1391 4769 quaedam
