3417 5567
745 638 963 704 ,36-

320 852 392 918 bule
406 848 616 938 reportauisse
630 790 727 919 uadis
746 850 835 940 (llil,
852 855 920 938 li),
929 852 1088 940 ,Polybius
1102 861 1209 921 antem
1221 853 1393 922 identidem

320 964 394 1023 ante
416 959 537 1025 cladem
557 959 643 1044 apud
664 960 793 1027 Zamam
820 965 983 1045 acceptam
1004 980 1164 1044 nunquam
1184 962 1310 1027 uietrrm·
1325 980 1393 1027 ease

159 1035 167 1048 Ι
267 1080 269 1084 ·
320 1062 530 1129 Hannibalem
550 1065 712 1131 contendit
733 1062 807 1148 (XV
830 1068 889 1143 113
912 1061 970 1144 163
992 1066 1049 1144 IX,
1072 1067 1116 1151 3).

322 1206 326 1209 ·
425 1166 497 1237 Non
511 1172 588 1237 item
609 1171 754 1238 subsidiis
776 1193 794 1239 e
814 1172 928 1256 quibus
947 1171 988 1238 de
1010 1172 1170 1238 Plutarchi
1190 1172 1277 1237 fonte
1292 1172 1393 1237 conici

170 1353 175 1363 Ι
319 1276 420 1358 possit
440 1297 581 1343 caremus
602 1278 635 1343 in
658 1296 697 1343 ea
719 1300 800 1362 quae
821 1279 963 1362 sequitur
974 1280 1062 1344 uitae
1081 1285 1183 1364 parte,
1205 1280 1238 1343 in
1259 1300 1324 1361 qna
1338 1299 1392 1344 oo·

320 1382 408 1464 piose
429 1383 647 1450 describuntur
669 1384 842 1469 Syrucusae
860 1406 885 1450 a
904 1385 1054 1450 Marcello
1075 1391 1275 1470 oppugnatae
1294 1391 1393 1469 utque

321 1495 517 1572 expugnatae
539 1490 775 1577 (xm-xlxy
811 1512 887 1557 nam
907 1497 1032 1574 praeter
1052 1492 1155 1557 mam
1176 1492 1259 1556 liuii
1281 1512 1392 1556 narru-

320 1594 437 1664 tionem
459 1595 587 1683 (XXIV,
610 1596 709 1675 4-7;
732 1598 882 1674 21--39;
896 1597 995 1675 XXV,
1018 1598 1164 1682 23-31)
1179 1598 1264 1663 haud
1279 1598 1393 1679 exigua

320 1698 496 1784 fragrnenta
505 1701 629 1789 Polybii
640 1709 805 1787 supersunt
816 1704 900 1790 (VII,
913 1703 1011 1780 2-73
1026 1704 1112 1780 VIII,
1124 1704 1226 1780 5-93
1242 1705 1301 1780 363
1322 1703 1391 1787 37)

317 1805 454 1893 Appiani
475 1830 571 1875 unum
592 1810 800 1894 fragmentum
823 1816 980 1894 superstes
1005 1815 1056 1875 est
1077 1810 1175 1897 (Sicil.
1197 1812 1250 1895 4),
1272 1811 1306 1877 in
1328 1833 1392 1895 quo

320 1914 442 1979 crimini
467 1915 562 1981 datin
588 1916 738 1990 Marcello
767 1916 852 2000 quod
873 1917 971 1981 nimia
993 1914 1179 1983 crudelitate
1200 1938 1240 1983 ac
1258 1916 1392 2002 perfidia

318 2022 352 2085 in
373 2021 473 2087 uictos
501 2020 621 2090 Siculos
652 2023 917 2089 animaduerterit.
961 2021 1049 2090 nulla
1069 2014 1159 2089 ratio
1174 2023 1321 2090 habenda
1340 2032 1392 2090 est

319 2128 428 2194 Dionis
457 2128 556 2195 Cassii
585 2130 684 2217 (apud
713 2130 813 2196 Treta.
836 2130 915 2196 (ihil.
938 2131 970 2195 Π
991 2130 1064 2196 hist.
1086 2127 1142 2208 35,
1166 2131 1313 2216 Pel—35)
1334 2137 1392 2196 aut

319 2236 459 2302 Zonaras
491 2236 547 2315 Ili,
581 2236 612 2314 5,
646 2256 724 2321 quos
755 2254 826 2302 cum
860 2243 987 2322 praeter
1013 2238 1092 2302 alias
1113 2237 1273 2303 machinas
1295 2238 1390 2307 etiam

320 2343 446 2427 specula
465 2344 509 2410 ed
530 2343 738 2427 incendendas
758 2344 969 2410 Romanorum
983 2365 1083 2410 nsues
1095 2341 1312 2410 Archimedem
1332 2344 1391 2409 ad·

318 2448 457 2515 hibuisse
479 2457 651 2517 memorent
671 2470 812 2535 -quoe
833 2451 943 2517 fabula
964 2452 1049 2535 apud
1070 2452 1190 2516 nullum
1211 2456 1391 2516 nostronun

319 2560 482 2621 auctorum
511 2556 646 2623 occlusit
678 2594 720 2607 -
752 2555 936 2641 postesioris
966 2558 1081 2621 aetatis
1115 2554 1295 2622 auctoribus
1316 2576 1390 2623 mos

320 2682 388 2727 esse
419 2654 617 2750 perspicuum
650 2670 706 2729 est.
761 2662 915 2747 proticisci
946 2680 1023 2729 uero
1055 2660 1150 2728 debet
1181 2668 1251 2729 tcta
1282 2668 1390 2729 nostru

195 2800 199 2811 =
318 2771 462 2855 quaestio
484 2791 505 2836 a
525 2770 665 2856 Polybio,
680 2791 775 2855 quem
790 2767 980 2859 amplissime
1000 2788 1051 2835 res
1072 2769 1193 2835 Siculas
1213 2770 1391 2835 perscissa

319 2876 494 2960 fragmenta
525 2882 680 2943 testentur
711 2874 863 2960 cuiusque
893 2877 1075 2960 fragmentis
1103 2877 1193 2964 eopia
1218 2876 1311 2941 nobis
1332 2875 1391 2941 fiat

320 3002 386 3048 non
414 2984 516 3048 solum
541 2983 581 3049 de
607 2982 689 3049 Liuii
711 2984 767 3050 sed
789 2984 885 3049 etiam
907 2982 948 3048 de
969 2982 1130 3048 Plutarchi
1151 2983 1292 3048 lontibus
1313 2983 1390 3049 satis

322 3092 408 3154 certo
421 3086 588 3155 iudicandi
611 3090 667 3155 sed
689 3090 872 3178 priusquam
886 3090 920 3154 in
941 3089 1103 3185 Plutarchi
1125 3088 1228 3154 fenus
1248 3090 1390 3173 inquim-

320 3216 399 3273 mus,
428 3202 601 3263 statuemus
632 3216 713 3281 quae
740 3198 822 3263 ratio
849 3197 933 3261 inter
955 3196 1080 3264 linium
1101 3201 1136 3259 et
1156 3195 1320 3280 Polybium
1339 3196 1389 3260 in-

320 3301 469 3368 tercedat.
497 3322 535 3369 ac
557 3324 628 3370 eum
650 3305 752 3393 primo
774 3304 948 3387 timente
970 3304 1091 3389 Polybii
1113 3302 1198 3389 (VII,
1221 3302 1334 3388 ab),
1356 3304 1390 3369 in

320 3428 383 3491 quo
414 3410 518 3492 agitur
550 3409 590 3477 de
623 3412 773 3477 societate
803 3410 844 3476 ab
879 3407 1080 3495 Hieronymo,
1111 3410 1162 3474 cui
1188 3428 1286 3497 puero
1316 3415 1391 3500 post

320 3521 453 3582 mortem
474 3513 619 3582 Hieronis
640 3536 770 3600 regnum
791 3517 979 3581 hunslatum
1000 3522 1079 3592 erat,
1100 3536 1171 3580 eum
1194 3515 1390 3600 Certhup'ni

320 3622 446 3689 ensibus
479 3624 552 3699 icto,
584 3624 631 3688 ita
662 3624 820 3711 conspirat
847 3622 956 3687 lituus
978 3618 1092 3700 XXIV,
1116 3623 1300 3699 autenm
1321 3622 1391 3689 aliis

319 3728 545 3818 praetermissis
567 3729 637 3793 aliis
658 3730 692 3794 in
713 3733 880 3812 angustum
895 3728 1012 3794 coactis
1033 3728 1197 3813 Polybium
1218 3726 1391 3795 reddidisse

319 3838 387 3901 iure
408 3836 559 3923 suspicari
579 3834 743 3923 possimus.
798 3852 880 3917 quae
902 3833 943 3898 de
963 3833 1188 3901 Leontinorum
1209 3835 1297 3900 urbis
1317 3836 1390 3914 siti,

318 3942 464 4007 Hieronis
491 3962 531 4007 ae
557 3940 686 4007 Gelonis
712 3939 850 4005 moribus
873 3939 1018 4027 exposuit
1038 3936 1186 4024 Polybius
1209 3942 1278 4020 Vll,
1300 3941 1388 4008 6-t

319 4070 383 4115 non
392 4046 497 4131 attigit
508 4046 625 4113 Linum
648 4046 688 4112 de
710 4048 942 4135 oppugnatione
963 4064 1040 4112 uero
1060 4044 1292 4139 Syracusanum,
1308 4065 1390 4133 quus

320 4153 403 4243 apud
435 4153 599 4238 Polybium
631 4151 753 4237 integm
775 4158 933 4241 superstes
950 4158 999 4219 est
1020 4150 1122 4240 (VIII,
1148 4152 1260 4239 5-9),
1282 4154 1391 4223 llum

319 4258 429 4327 eodem
456 4260 550 4326 modo
577 4266 614 4325 ut
634 4266 730 4326 antes
750 4280 821 4325 cum
841 4254 972 4346 Polybio
992 4261 1148 4327 consentit
1169 4261 1251 4346 (hin.
1275 4260 1389 4339 xxiv,

321 4368 366 4433 33
395 4372 424 4449 ς.
454 4366 587 4453 9--34).
632 4367 883 4433 accumtissimns
910 4366 994 4432 enim
1014 4366 1093 4433 ordo
1114 4367 1389 4434 canorumoona·

320 4480 425 4539 toruum
446 4472 586 4537 Marcelli
606 4472 883 4555 machinarumque
903 4470 1106 4550 Archimedis,
1131 4474 1185 4557 qui
1206 4474 1273 4538 sine
1294 4472 1389 4540 dubie

318 4580 501 4664 diligentiae
528 4579 649 4666 Polyhii
676 4578 860 4644 hihnendus
890 4584 947 4655 est,
974 4596 1101 4662 prorsus
1128 4577 1212 4643 idem
1233 4585 1283 4644 est
1304 4579 1389 4664 apud

320 4687 459 4763 Liuium
491 4685 658 4771 descriptio
687 4690 873 4769 apparatus,
906 4700 1000 4769 quem
1026 4684 1193 4751 Marcellus
1219 4684 1262 4749 ad
1290 4703 1389 4772 oppu-
