3417 5567
752 635 973 701 -43...

432 850 603 939 Postquam
624 848 719 932 igitur
739 848 773 915 in
788 846 969 913 uniuersum
985 839 1183 929 exposuimus
1205 865 1287 932 qnae
1310 866 1329 910 e
1350 866 1407 911 se-

328 954 484 1023 cundariis
515 955 653 1022 fontibus
684 954 786 1039 petita
816 955 889 1032 sint,
922 954 976 1041 qui
1003 952 1119 1018 fuennt
1145 958 1299 1030 auctores,
1322 973 1408 1040 qno-

328 1063 422 1130 mcdo
452 1064 490 1127 iis
524 1084 598 1127 usus
631 1082 699 1127 esse
729 1060 877 1127 uideatur
897 1058 1093 1137 Plutarchus,
1121 1058 1272 1124 relicuum
1294 1064 1344 1123 est
1364 1061 1409 1123 nt

329 1168 633 1257 quaeraturrquibus
656 1168 795 1251 singulae
816 1166 1079 1243 narretiunculae,
1102 1187 1236 1253 quarum
1256 1171 1410 1231 auctores

242 1282 246 1290 '
329 1296 393 1343 non
413 1275 587 1366 nominauit
608 1272 804 1351 Plutarchus,
826 1272 1012 1339 tribuendae
1028 1273 1101 1337 sint.
1132 1293 1228 1359 quam
1244 1272 1410 1360 quaestio-

329 1402 401 1447 nem
422 1381 456 1447 in
477 1380 579 1447 medio
600 1381 813 1467 relinquamus
835 1400 960 1445 necesse
981 1385 1041 1456 est,
1064 1377 1211 1466 quoniam
1232 1400 1251 1444 e
1272 1379 1411 1464 Polybio

330 1494 386 1553 aut
413 1486 504 1554 Liuio
531 1487 633 1553 nullas
665 1485 792 1551 fluxisse
823 1506 919 1569 supra
946 1484 1236 1563 demonstrauimus,
1259 1486 1410 1551 Valerius

330 1593 486 1659 Maximus
496 1592 528 1678 ²³)
560 1591 625 1658 fere
660 1612 767 1658 omnes
800 1590 927 1678 quidem
960 1589 1097 1668 exhibet,
1132 1590 1187 1655 sed
1209 1591 1328 1657 nullam
1357 1593 1412 1658 ita

301 1721 304 1727 ’
331 1701 482 1777 narrauit,
510 1706 547 1766 ut
567 1720 694 1784 prorsus
717 1699 877 1783 conspiret
897 1719 969 1763 cum
990 1681 1169 1774 Plutarcho,
1191 1697 1324 1763 relicuos
1345 1718 1410 1763 au-

330 1812 396 1873 tem
416 1810 560 1872 auctores
581 1826 621 1871 ne
643 1806 794 1893 inspicere
817 1803 944 1893 quidem
965 1825 1140 1889 pessumus.

437 1913 505 1978 Iam
532 1932 608 1977 uero
636 1912 663 1977 si
684 1900 903 1996 percensernus
925 1932 982 1988 ea,
996 1931 1079 1999 quae
1100 1932 1165 1975 non
1187 1931 1205 1973 e
1227 1909 1325 1976 Fabio
1346 1910 1408 1975 Pi-

333 2024 419 2085 ctore
445 2038 588 2083 manasse
615 2018 804 2095 notauimus‚
832 2022 954 2081 restant
979 2016 1139 2092 nonnulla,
1168 2036 1248 2104 quae
1276 2036 1340 2081 non
1364 2016 1410 2081 ad

333 2128 476 2189 auctores
503 2144 522 2188 a
549 2121 718 2189 Plutarcho
752 2120 897 2188 laudatos
930 2122 1039 2187 referri
1068 2127 1208 2206 possunt.
1259 2121 1330 2186 dico
1355 2140 1413 2187 res

335 2228 376 2295 ad
398 2229 600 2316 antiquitates
623 2234 809 2312 spectantes.
830 2247 955 2294 necesse
969 2228 1067 2311 igitur
1084 2233 1132 2293 cst
1153 2233 1190 2293 ut
1203 2227 1412 2295 Plutarchum

335 2341 460 2419 praeter
481 2354 534 2400 eos
563 2334 641 2399 alios
663 2335 765 2399 fontes
789 2334 902 2399 adiisse
924 2339 1108 2400 statuamus.
1153 2341 1249 2422 atque
1270 2336 1367 2400 etiarn
1391 2356 1412 2401 e

336 2442 448 2530 quibus
470 2462 509 2507 ea
530 2442 677 2525 petiuerit
691 2441 878 2507 Plutarchus
891 2461 1006 2524 magna
1028 2460 1101 2507 cum
1121 2441 1344 2525 probabilitate
1357 2442 1411 2507 in·

336 2548 433 2615 dicari
460 2552 573 2632 potest
618 2554 798 2632 comparato
821 2549 905 2613 enim
926 2548 1021 2613 Marc.
1044 2547 1131 2626 VIII,
1153 2548 1210 2613 ubi
1231 2548 1329 2623 fusius
1352 2569 1412 2614 ex·

335 2656 441 2739 posuit
462 2653 648 2721 Plutarchus
670 2653 709 2720 de
733 2650 838 2739 spoliis
860 2654 972 2739 opimis
993 2654 1062 2719 Ioui
1084 2654 1223 2719 Feretrio
1246 2654 1412 2731 dedicatis,

337 2782 409 2825 cum
436 2760 524 2825 Rom,
554 2760 638 2838 XVI,
667 2760 721 2827 ubi
749 2760 788 2826 de
816 2761 928 2826 iisdem
949 2761 1056 2844 spoliis
1079 2762 1190 2846 opimis
1211 2761 1322 2826 iisdem
1343 2762 1413 2827 fere

337 2868 442 2935 uerbIs
465 2867 611 2935 disseruit
632 2873 665 2933 et
685 2868 858 2935 Varronem
880 2890 919 2933 ac
939 2868 1123 2953 Dionysium
1142 2873 1287 2934 auctores
1308 2869 1412 2933 norni-

337 2975 437 3052 nauit,
468 2978 599 3058 apparet
633 2980 741 3041 nostro
773 2973 842 3039 loco
876 2974 1003 3040 eosdem
1023 2973 1127 3039 fontes
1148 2974 1307 3039 consultos
1329 2994 1410 3039 esse.

337 3102 439 3169 neque
460 3079 540 3145 falsa
553 3101 622 3145 esse
640 3098 721 3167 quae
735 3081 885 3165 suspicati
899 3101 1006 3145 sumus
1028 3080 1269 3146 luculentissime
1290 3084 1413 3144 testan-

338 3194 391 3253 tur
404 3174 542 3270 ipsorum
554 3192 714 3252 auctorum
730 3187 800 3264 loci,
818 3187 874 3273 qui
896 3187 1014 3251 seruati
1034 3191 1108 3250 sunt
1129 3207 1167 3252 ac
1181 3186 1295 3252 mirum
1310 3206 1413 3273 quan-

338 3301 406 3359 tum
438 3294 617 3377 conspirant
644 3315 715 3359 curn
745 3292 906 3359 Plutarchi
932 3292 1038 3359 uerbIs
1055 3293 1181 3380 (Varro
1201 3314 1252 3377 ep.
1273 3292 1357 3357 Fest
1379 3313 1412 3356 u.

340 3399 441 3483 spolia
463 3400 576 3482 opima,
598 3420 669 3483 pag.
686 3400 766 3477 186;
789 3400 858 3465 coll.
879 3399 1060 3482 Hertrberg.
1082 3397 1194 3464 Philol.
1217 3398 1317 3482 Ipag.
1333 3397 1396 3461 331
1402 3422 1413 3475 ;

340 3506 466 3589 Dionys.
489 3505 560 3570 Hal.
582 3506 624 3583 11,
647 3505 714 3590 34).
759 3505 869 3571 iisdem
883 3526 959 3571 uero
981 3504 1161 3570 auctoribus
1182 3506 1279 3570 etiam
1298 3510 1414 3581 cetera,

342 3632 422 3699 quae
450 3610 489 3675 de
516 3611 667 3677 institutis
695 3632 733 3677 ac
759 3612 880 3694 legibus
901 3612 1051 3678 Romanis
1073 3611 1283 3695 disputantur,
1306 3609 1415 3676 deberi
1447 3662 1449 3665 Α

341 3716 503 3802 probabile
525 3720 582 3794 est,
604 3718 788 3800 praesertim
803 3740 875 3783 curn
890 3740 971 3806 quae
985 3717 1171 3800 Plutarchus
1186 3718 1284 3783 Marc
1298 3716 1414 3795 XXIV,

343 3822 474 3887 40-48
498 3820 537 3887 de
559 3822 796 3907 interpretando
818 3824 980 3890 dictatoris
1002 3824 1126 3889 nomine
1148 3824 1295 3889 disseruit
1316 3824 1414 3889 simil-

343 3930 418 3995 lima
447 3929 510 3994 sint
536 3929 663 4014 Dionys.
694 3930 764 3995 Hal.
788 3931 825 4007 V,
852 3924 896 3996 73
917 3930 970 4018 (cf.
993 3932 1171 3997 Varronem>
1187 3930 1227 3996 de
1248 3930 1321 4014 ling.
1343 3918 1428 3995 Lar'

344 4036 381 4113 v,
406 4037 458 4113 ss,
481 4036 591 4122 unul.

345 4200 555 4211 ...n—.-

453 4266 477 4331 “l
496 4264 590 4319 Valerii
607 4269 716 4320 Maximi
732 4286 823 4322 memor
840 4270 999 4330 Plutarchus
1017 4271 1098 4322 Marc.
1116 4270 1140 4322 V
1158 4269 1273 4335 exempla
1289 4267 1415 4333 religionis

346 4371 362 4405 a
380 4356 496 4406 Romanis
518 4354 665 4407 obseruatae
689 4362 855 4425 composuisse
873 4360 980 4411 uidetur.
1017 4374 1075 4410 nam
1093 4353 1179 4411 eddam
1198 4357 1313 4424 exempla
1331 4356 1416 4408 eodem
1552 4385 1553 4398 r

347 4442 432 4495 ordine
452 4438 555 4509 singulr‘s
574 4446 674 4511 quidem
692 4446 821 4513 paululum
833 4450 966 4499 immutatis
983 4450 1008 4498 in
1026 4450 1096 4499 initio
1114 4447 1227 4515 opusculi
1238 4445 1332 4499 Valerii
1344 4446 1415 4497 inue-

347 4538 448 4585 niuntur
466 4533 498 4599 (1,
518 4536 541 4594 1,
561 4534 649 4602 3-5).
