3417 5567
753 630 976 695 ..g-

329 862 566 929 percensaamue
579 846 695 907 etcum
707 841 818 909 catena
830 841 1010 909 auctoribus
1025 841 1228 909 conferamus.
1251 842 1284 907 in
1297 844 1399 926 primo

329 952 433 1037 capite
454 947 641 1016 Plutarchus
651 946 684 1032 ³)
711 952 748 1012 ut
776 948 857 1014 solet
883 948 1044 1031 paefatus
1072 947 1111 1013 de
1138 969 1250 1031 genere
1277 948 1401 1032 ingenio

329 1057 531 1139 moribusque
557 1053 661 1130 Fabii,
688 1058 857 1137 postquam
885 1055 1020 1138 primum
1047 1054 1113 1119 eius
1141 1054 1337 1122 commatum
1363 1074 1401 1117 ac

329 1163 522 1247 triumphum
543 1159 763 1243 deligunbus
781 1165 887 1227 actum
915 1160 1011 1228 uerbo
1038 1161 1152 1243 tetigit,
1180 1182 1252 1227 cum
1277 1180 1400 1244 pugnae

329 1267 416 1354 apud
437 1266 583 1334 Trebiam
596 1266 779 1332 commissae
792 1272 826 1332 et
845 1267 966 1333 itineris
981 1266 1022 1331 ab
1037 1264 1214 1351 Hannibale
1235 1286 1292 1351 per
1305 1266 1400 1331 Etru-

329 1377 411 1443 1iam
437 1374 514 1441 iacti
534 1373 725 1439 mentionem
750 1372 867 1451 fecerit,
895 1374 1017 1455 longius
1044 1395 1111 1457 cap.
1139 1373 1172 1439 11
1193 1378 1226 1437 et
1246 1372 1294 1437 III
1315 1391 1400 1441 com-

329 1486 470 1547 moratur
495 1480 530 1547 in
557 1479 772 1547 adumbrandn
799 1479 945 1548 Flaminii
972 1480 1107 1547 consrssis
1135 1480 1309 1551 temeritate
1336 1479 1400 1543 cla·

330 1586 432 1671 deque
462 1586 503 1651 ad
533 1585 781 1651 Trasumennum
824 1585 928 1651 mum
958 1590 1095 1670 accepta.
1140 1607 1178 1653 ac
1204 1585 1270 1651 fere
1297 1584 1401 1651 omnia

329 1712 412 1777 quaa
439 1692 580 1757 aarum
606 1690 791 1763 Plutarchus
828 1711 902 1762 cum,
931 1692 1126 1775 reperiantur
1166 1692 1250 1777 apud
1277 1691 1401 1757 Liuium

330 1798 447 1886 (XXII,
469 1798 581 1882 1-7),
603 1796 686 1863 Liuii
706 1818 782 1863 uero
804 1818 927 1881 pugnae
946 1797 1113 1883 descriptio
1135 1799 1292 1865 simillima
1312 1797 1400 1863 uida-

330 1909 403 1971 atur
430 1924 499 1969 esse
514 1903 716 1990 Polybianae
743 1905 935 1971 enamationi
962 1906 1034 1993 (Ill,
1063 1906 1219 1991 80-85),
1247 1928 1320 1971 cnm
1346 1906 1400 1971 alii

330 2011 390 2078 uiri
411 2010 497 2076 docti
510 2017 585 2077 tum
593 2010 627 2076 Ο.
651 2011 781 2077 Peterus
802 2010 927 2080 Liuium
942 2014 1071 2079 uerbosa
1084 2011 1256 2097 Polybium,
1278 2033 1296 2077 e
1310 2011 1400 2111 linio

331 2123 438 2186 autem
457 2117 660 2205 Plutarchum
682 2118 823 2184 hausisse
845 2118 1089 2191 contenderant.¹
1125 2118 1180 2185 sed
1201 2123 1309 2183 nostra
1330 2138 1399 2183 sen-

330 2225 431 2290 tentia
457 2226 549 2308 longe
576 2224 667 2289 aliter
694 2245 762 2289 sese
789 2224 888 2291 babet
916 2246 975 2291 res.
1020 2226 1201 2309 priusquam
1228 2230 1335 2289 autem
1359 2222 1400 2289 dc

330 2330 499 2397 Plutarcho
521 2352 722 2413 quaeramus,
751 2350 833 2415 quae
860 2332 941 2397 inter
968 2332 1093 2401 Liuium
1114 2338 1147 2396 et
1168 2331 1331 2417 Polybium
1352 2332 1400 2397 in-

330 2437 470 2509 tercedat
490 2437 574 2503 ratio
596 2442 776 2503 statuemus.
807 2436 848 2503 de
870 2459 933 2521 qua
955 2460 1018 2521 quo
1039 2438 1160 2505 facilium
1182 2438 1314 2503 iudicari
1326 2458 1400 2521 pos-

330 2544 381 2620 sit,
404 2563 469 2609 non
489 2542 583 2608 modo
617 2564 697 2626 quae
719 2545 885 2627 quominus
906 2543 1053 2628 Polybius
1080 2544 1151 2609 fons
1171 2543 1324 2611 habeatur
1346 2543 1400 2609 Li·

330 2650 376 2715 uii
399 2649 538 2716 obstant·
563 2647 737 2726 afferemus,
764 2649 937 2716 sedetiam
970 2670 1051 2733 quae
1079 2650 1192 2717 similia
1220 2655 1293 2715 sunt
1319 2651 1401 2727 inter

331 2776 384 2823 eos
416 2755 475 2821 sub
497 2755 602 2821 oculos
624 2756 820 2822 subiciamus.
865 2756 1083 2835 Hannibalem,
1113 2778 1183 2822 cum
1203 2756 1330 2821 insitam
1351 2756 1399 2821 in-

330 2862 421 2946 genio
442 2861 587 2927 Flaminii
609 2862 743 2927 consulis
765 2863 973 2927 temeritatem
995 2868 1116 2940 nosset,
1137 2861 1289 2927 fertilibus
1304 2862 1399 2927 Etru-

329 2968 395 3033 riae
428 2967 547 3050 campis
581 2988 680 3052 usque
712 2968 754 3033 ad
787 2967 1036 3035 Trasumennum
1067 2969 1169 3033 lacum
1200 2968 1398 3051 peruastatis,
1482 2985 1485 2991 '

330 3079 422 3142 tanta
441 3074 491 3138 ira
511 3095 584 3139 eum
604 3074 821 3154 inflammasse,
854 3081 891 3141 ut
913 3076 1068 3141 contemni
1094 3096 1128 3139 se
1149 3078 1264 3159 putans
1286 3096 1324 3141 ac
1349 3096 1399 3139 sa-

330 3179 484 3246 lutaribus
515 3182 684 3245 amicomm
711 3180 940 3247 hortationibus
978 3182 1090 3265 spretis
1124 3182 1262 3247 clamans
1300 3182 1399 3266 impe-

330 3286 478 3353 diendum
499 3307 575 3365 essa
598 3289 762 3371 quominus
784 3287 883 3353 hostis
906 3287 1059 3355 uastando
1081 3292 1114 3354 et
1134 3286 1252 3353 urendo
1275 3288 1317 3367 ari
1331 3288 1400 3372 ipsa

331 3393 472 3461 Romana
486 3381 618 3462 'moenia
644 3395 831 3477 perueniret,
860 3395 956 3460 citato
987 3395 1107 3477 agmine
1129 3394 1343 3477 insequeretur
1367 3400 1400 3459 et

330 3500 526 3584 inexplorato
551 3502 585 3565 in
610 3500 739 3568 insidias
766 3501 806 3567 ab
820 3528 823 3534 ¹
839 3501 930 3567 hoste
958 3507 1092 3569 sauctus
1119 3502 1265 3579 intraret,
1299 3520 1398 3585 aeque

331 3604 439 3671 Liuius
466 3626 504 3669 ac
530 3606 675 3690 Polybius
702 3613 857 3673 enarrant
907 3613 1070 3691 praeterea
1096 3609 1129 3673 in
1155 3590 1252 3693 ipsium
1278 3628 1401 3691 pugnae

331 3711 538 3796 dascnptione
559 3713 659 3777 multa
681 3714 855 3779 concinunt.
892 3713 976 3801 ordo
993 3734 1096 3779 rerum
1117 3714 1182 3779 fere
1203 3712 1294 3779 idem.
1326 3714 1400 3785 solis

331 3838 443 3884 occasu
465 3818 507 3883 ad
528 3818 631 3883 tantm
651 3820 828 3902 peruenisse
849 3819 1036 3885 Flaminium
1058 3824 1091 3883 et
1111 3825 1236 3904 postero
1259 3818 1310 3883 die
1331 3820 1399 3885 uix·

332 3925 406 3991 dum
428 3925 504 3989 satis
532 3929 619 3989 certa
646 3925 715 3989 luce
742 3925 776 3989 in
797 3926 957 4008 angustias
979 3926 1150 4008 ingressum
1173 3946 1256 4003 esse3
1279 3930 1399 3991 montes

331 4035 364 4096 et
390 4030 493 4095 lacum
520 4029 618 4095 densa
645 4031 760 4097 nebula
787 4030 890 4097 subito
919 4037 988 4107 orta
1020 4052 1038 4097 e
1065 4032 1135 4097 beu
1162 4032 1293 4123 intectos
1316 4016 1400 4109 esse3

331 4136 488 4202 Romanos
510 4136 648 4220 undique
669 4138 896 4203 circumuentos
924 4158 995 4203 cum
1026 4139 1060 4203 in
1082 4143 1172 4205 tanta
1192 4137 1400 4222 trepidatione

438 4510 462 4573 ⁸)
480 4508 610 4560 Plutarclu‘
627 4511 709 4575 capita
737 4514 761 4560 et
786 4510 882 4560 uersus
901 4508 972 4561 attuli
1000 4524 1033 4561 ex
1060 4510 1167 4563 aditione
1190 4512 1305 4571 Sintenis,
1332 4510 1398 4577 Lips.

212 4628 220 4637 -
334 4599 411 4657 1839,
437 4596 539 4665 Polybii
557 4615 589 4651 ex
606 4598 664 4652 edit.
684 4597 796 4659 Baliari,
823 4599 903 4653 Berol.
926 4600 1000 4659 1844,
1024 4599 1090 4651 Liuii
1107 4603 1277 4668 paragraphus
1295 4618 1328 4652 cr
1343 4617 1398 4653 arn·

331 4686 411 4752 pliorc
428 4686 620 4742 Weissenbornii
637 4688 751 4741 editione.
770 4734 774 4742 .
