3417 5567
737 629 957 695 ..47..

307 843 454 910 tarchum
482 842 633 928 omnes*)
661 864 725 909 non
753 849 802 909 est
828 864 885 910 cur
905 864 1062 929 negemus,
1085 838 1234 929 quonium
1257 846 1382 930 caepim

307 950 351 1017 ad
382 949 509 1017 eosdem
539 950 733 1034 prouocauit.
784 949 915 1017 dubium
943 956 1070 1016 tantum
1091 951 1191 1017 uideri
1211 957 1318 1036 potest
1339 952 1381 1017 ad

308 1057 395 1142 quod
435 1056 577 1123 Caesaris
619 1054 753 1141 Augusti
795 1058 946 1141 scriptum
984 1058 1165 1142 respexerit.
1231 1080 1305 1124 nam
1347 1059 1382 1124 in

307 1162 538 1229 commentariis
566 1181 644 1245 quos
672 1161 711 1226 dc
740 1162 808 1227 uita
836 1183 894 1227 sua
920 1163 1044 1247 scripsit
1071 1162 1230 1247 Augustus
1261 1165 1301 1230 de
1331 1164 1381 1231 his

306 1266 400 1334 rebus
429 1274 535 1333 actum
563 1287 630 1333 esse
659 1268 789 1351 cogitari
817 1268 874 1333 uix
893 1273 1007 1354 potest.
1052 1268 1108 1333 sed
1128 1276 1214 1336 recte
1235 1276 1381 1355 putamus

305 1376 497 1442 Heercnium
527 1395 599 1459 pag.
623 1376 689 1439 124
710 1376 858 1440 statuisse
889 1375 1092 1441 Plutarchum
1124 1377 1298 1442 orationem
1330 1377 1380 1442 iu-

305 1481 446 1561 nsbrem,
475 1502 571 1565 quem
598 1481 756 1564 Augustus
783 1486 857 1566 post
883 1487 1017 1547 mortem
1038 1482 1238 1547 immaturam
1259 1481 1382 1549 Claudii

305 1588 447 1653 Marcelli
469 1588 512 1651 22
535 1607 563 1653 a.
586 1584 658 1653 chr.
680 1608 711 1652 n.
733 1586 845 1653 habuit
865 1593 898 1652 et
909 1608 1013 1676 ,quaml
1027 1588 1062 1652 in
1082 1587 1242 1672 publicum
1264 1588 1381 1655 editam

305 1715 375 1760 esse
405 1693 474 1759 ueri
506 1691 607 1757 simile
638 1697 695 1769 est,
727 1697 802 1757 aute
833 1692 940 1759 oculos
970 1692 1125 1762 habuisse.
1169 1695 1203 1759 in
1231 1714 1270 1760 ea
1295 1695 1380 1759 enim

303 1802 409 1886 prisca
439 1798 659 1870 Marcellorum
689 1799 790 1882 gentis
812 1798 926 1865 decora
957 1799 991 1863 in
1019 1800 1201 1867 memoriam
1231 1806 1381 1866 reuocata

304 1926 374 1972 esse
410 1906 502 1971 facile
532 1905 735 1987 intellegitur.
769 1942 811 1953 -
845 1910 1011 1989 praeterea
1039 1904 1163 1990 saepius
1185 1906 1218 1970 in
1245 1910 1379 1990 utaque

304 2015 374 2079 uita
405 2011 555 2078 laudatur
587 2011 780 2077 Posidonius.
836 2032 875 2077 eo
911 2012 994 2077 enim
1027 2018 1154 2077 auctore
1192 2010 1379 2077 Plutarchus

305 2119 398 2207 (Fah.
420 2120 504 2184 Max.
527 2118 603 2183 XIX
625 2124 658 2183 et
679 2118 775 2184 Maro.
798 2118 859 2204 IX)
888 2117 986 2184 tradit
1014 2118 1113 2185 Fabio
1141 2118 1279 2185 Maximo
1301 2119 1381 2185 scuti

303 2227 454 2293 Marcello
481 2224 577 2309 gladii
599 2245 713 2290 nomen
734 2246 755 2289 a
776 2224 927 2289 Romanis
948 2224 1102 2290 tributum
1123 2245 1192 2290 esse
1214 2231 1247 2290 et
1266 2226 1379 2311 (Marc.

251 2318 254 2327 ⁵
302 2334 334 2419 Ι)
355 2332 481 2398 disserit
502 2331 541 2396 de
563 2332 689 2396 nomine
710 2331 938 2397 Marcellorum.
970 2353 1010 2396 ex
1030 2331 1140 2397 eodem
1162 2331 1254 2397 affert
1269 2332 1379 2420 (Marc.

302 2440 379 2525 XX)
401 2418 670 2504 narratiunculam
692 2437 853 2521 quandam
876 2437 918 2502 ad
933 2437 1050 2504 bellum
1072 2435 1212 2503 Siculum
1233 2443 1378 2521 spectan-

302 2552 368 2610 tem
389 2550 423 2621 et
445 2545 555 2632 (Marc.
578 2544 685 2630 XXX)
708 2544 909 2628 epigramma,
932 2544 1016 2627 quod
1039 2550 1163 2609 statuae
1184 2544 1324 2609 Marcelli
1345 2545 1379 2610 in

302 2652 421 2736 templo
453 2652 612 2716 Mineruae
642 2649 727 2734 apud
759 2650 896 2715 Lindum
926 2651 1047 2736 positae
1079 2650 1265 2735 inscriptum
1299 2655 1377 2715 erat.

304 2780 406 2843 neque
433 2759 526 2843 plura
554 2780 593 2824 ex
615 2780 652 2823 eo
674 2759 775 2842 petita
796 2778 864 2823 esse
886 2758 954 2823 ueri
976 2758 1076 2825 simile
1098 2765 1157 2837 est,
1181 2758 1256 2843 quia
1277 2758 1378 2823 incer·

303 2871 371 2930 tum
394 2871 443 2930 est
462 2886 538 2929 uum
559 2864 652 2948 plura
674 2864 708 2928 in
729 2863 890 2929 Posidonii
911 2864 1045 2930 historia
1072 2865 1198 2942 fuerint,
1227 2884 1309 2947 quae
1336 2864 1379 2930 ad

227 3018 229 3029 .
258 2966 261 2969 ’
303 2970 378 3035 belli
416 2970 615 3035 Hannibaliol
653 2975 795 3054 tempora
828 2970 1030 3054 pertinerent
1076 2971 1271 3037 continuarit
1294 2970 1378 3035 enim

303 3077 488 3144 Posidonius
516 3076 690 3141 Romanam
711 3076 834 3161 Polybii
855 3077 1019 3143 historiam
1040 3083 1136 3161 atque
1157 3077 1213 3143 illa
1233 3078 1324 3165 quasi
1344 3078 1378 3143 in

303 3184 439 3249 transitu
471 3183 612 3267 attigisse
644 3182 778 3249 uidetur.
835 3184 986 3268 peculiari
1020 3190 1126 3250 autem
1158 3183 1275 3268 scripto
1306 3204 1378 3249 eum

304 3290 402 3355 uitam
424 3289 566 3354 Marcelli
587 3290 773 3367 namacius,
796 3289 880 3377 quod
896 3288 1077 3354 dubitanter
1096 3290 1274 3375 suspicatur
1295 3290 1377 3356 Miil·

303 3395 387 3460 larus
430 3394 540 3479 fragm.
572 3395 646 3461 hist.
675 3396 784 3463 Graec.
822 3396 871 3463 III
906 3417 975 3480 pag.
1010 3395 1100 3473 252.
1142 3415 1182 3461 ex
1212 3398 1286 3462 solis
1315 3397 1378 3463 illis

302 3502 484 3587 fragmentis
513 3502 583 3568 elici
610 3523 673 3567 non
699 3508 812 3586 potest.
846 3540 889 3550 —
926 3503 1139 3569 laudationem
1172 3523 1248 3568 uero
1287 3502 1395 3569 Fabii*

303 3607 442 3685 Maximi,
471 3610 559 3676 cuius
585 3611 702 3676 mentio
727 3610 764 3675 iit
785 3609 862 3675 Fab.
887 3610 971 3675 Max.
993 3610 1024 3686 l;
1047 3605 1161 3689 XXIV}
1176 3610 1280 3694 ipsum
1301 3609 1376 3675 Plu-

303 3714 447 3781 tarchum
469 3736 532 3786 nou
554 3715 676 3799 legisse,
699 3714 755 3781 sed
776 3715 816 3781 de
839 3738 878 3781 ea
899 3736 939 3781 ex
961 3717 1023 3781 alio
1045 3717 1197 3802 scriptore
1219 3716 1377 3782 rettulisse

302 3812 435 3904 app'aret
459 3842 498 3886 ex
520 3843 573 3900 eo,
596 3823 681 3911 quod
702 3823 741 3887 de
764 3821 887 3887 dicendi
902 3822 1023 3887 ratione
1038 3822 1128 3888 Fabii
1143 3822 1296 3888 disserens
1319 3821 1409 3893 cdv.

303 3925 383 3992 didit
403 3925 535 3992 uerbum
558 3930 744 4013 ‚deycvccu“
767 3927 858 4015 (Fab.
881 3927 965 3993 Max.
990 3927 1016 4005 Ι,
1040 3927 1107 4013 35).

408 4231 432 4296 ·)
450 4230 507 4283 Hoc
524 4230 604 4283 lubae
621 4232 786 4283 testimonium
803 4244 864 4281 uere
882 4228 1062 4304 ἀρχαωλογίᾳ
1077 4227 1201 4304 poponi
1218 4230 1375 4283 tribuendum

303 4325 347 4371 est.
383 4335 466 4371 omnes
490 4322 555 4371 enim
577 4320 644 4373 locos
667 4336 682 4370 a
704 4318 840 4371 Plutarcho
864 4334 897 4369 ex
919 4318 983 4369 Iuba
1001 4318 1090 4371 allatos
1107 4325 1207 4386 praeter
1224 4323 1334 4371 nestrum
1352 4323 1376 4370 et

303 4408 364 4461 Sull.
388 4408 463 4471 xvh
487 4408 550 4461 Seri.
573 4409 613 4462 IX
636 4424 685 4461 non
704 4410 737 4461 ad
754 4408 881 4460 historiam
900 4410 962 4468 eius,
981 4424 1047 4475 quae
1063 4412 1216 4476 praecipuus
1233 4409 1292 4461 iens
1308 4412 1375 4462 uita·

301 4514 356 4550 rum
382 4500 548 4550 Romanarum
573 4497 703 4550 Plutarchi
729 4497 807 4564 uulgo
826 4492 1015 4549 uhtinabatnr
1033 4497 1077 4564 (ci.
1100 4498 1208 4550 Hesrsn.
1226 4513 1284 4565 pag.
1305 4497 1375 4560 144),

302 4587 346 4639 scd
364 4589 396 4639 ad
419 4584 573 4659 ὁμοιότητας
587 4586 731 4640 referendos
754 4602 808 4638 esse
828 4588 989 4639 conuiosrnnt
1005 4586 1095 4654 Klapp.
1114 4590 1141 4639 in
1160 4587 1219 4639 diss.
1237 4586 1253 4639 l
1271 4602 1329 4653 pag.
1349 4587 1375 4646 4.

302 4694 337 4743 sq.
360 4681 385 4728 et
396 4677 447 4728 Lao
467 4675 519 4737 „de
537 4676 667 4729 Plutarchi
685 4682 779 4744 quaest.
798 4678 867 4728 Rom
891 4676 1058 4737 auctoribus‚“
1081 4676 1154 4728 Halia
1175 4675 1251 4735 1864,
1262 4689 1320 4739 pag.
1333 4676 1373 4727 18.
